3009 4925
508 437 579 489 Τ.
626 434 985 488 LUGRR'ru
1026 433 1206 514 GAssl
1258 431 1353 483 DE
1400 430 1667 482 nalum
1715 431 1893 480 NAT.
1940 430 2090 480 mn.
2136 430 2188 480 1.

253 598 377 636 nam
400 582 671 636 semdae
704 584 721 612 ‘
740 581 876 633 Hoc
897 580 999 632 duo
1036 578 1213 631 Graeci
1229 576 1323 640 illi,

256 675 481 727 qnorum
524 659 781 724 copiosior
822 664 927 708 est·
945 655 1123 720 lingna
1173 667 1325 719 qnam

254 744 453 798 nonna,
476 750 591 786 -non
624 733 831 786 nomine
867 733 1150 798 appellant.
1215 730 1323 781 Ita-

258 806 673 879 queindnstrios
702 810 932 861 homines
969 809 1048 858 illi
1066 806 1324 859 studiosos

254 890 349 943 vel.
363 889 545 954 potins
564 895 799 940 amantes
812 885 1001 937 doloris
1021 884 1322 949 appellant:

254 980 353 1016 nos
372 964 700 1016 commodius
739 963 1041 1014 laboriosos.
1078 960 1220 1011 alind
1241 965 1327 1010 est

253 1042 393 1095 enim
416 1041 679 1104 laborare,
696 1038 836 1091 aliud
860 1037 1069 1100 dolere!
1104 1071 1113 1078 ›
1137 1037 1186 1089 0
1210 1051 1326 1087 ver·

254 1118 442 1169 borum
464 1116 617 1182 inops
650 1114 909 1168 interdum
948 1111 1135 1180 quibus
1165 1112 1323 1163 abnn-

258 1193 387 1244 dare
411 1200 471 1244 te
496 1200 652 1257 putas
670 1235 673 1238 .
691 1190 919 1254 Graecia,
951 1189 1093 1241 alind
1114 1188 1322 1253 inquam

258 1277 339 1320 est
380 1269 590 1331 dolere,
631 1267 773 1317 alind
816 1267 1071 1318 laborare.
1132 1265 1323 1315 Teren·

257 1348 432 1398 tianns
456 1353 635 1398 tamen
657 1342 837 1393 alienis
869 1342 1030 1407 magis
1052 1338 1199 1392 favet
1216 1339 1324 1391 sica

259 1423 277 1452 ⁸
294 1423 414 1475 Quo
429 1421 708 1487 probarem
725 1419 929 1483 planius
941 1427 996 1469 et
1009 1418 1156 1468 simul
1172 1430 1327 1483 qnam

257 1501 426 1552 multa
458 1497 662 1549 Grecis
690 1503 868 1548 nostra
904 1511 1009 1547 non
1046 1493 1327 1559 responde·

263 1584 354 1628 ant
372 1592 387 1627 ε
412 1589 638 1643 quaque
656 1572 974 1639 respondent
986 1571 1051 1622 ab
1067 1571 1194 1636 ipsis
1211 1583 1328 1621 esse

261 1656 413 1708 nobis
435 1653 671 1706 traditae
704 1654 844 1703 Pius.
876 1685 883 1692 .
990 1695 995 1700 .

324 1730 761 1794 &Principium
777 1725 961 1790 rerum]
992 1727 1082 1778 Sic
1103 1724 1332 1787 restitui,

262 1823 381 1861 cum
404 1810 465 1858 in
484 1805 722 1858 omnibns
760 1804 905 1856 libris
940 1801 1168 1867 vulgatis
1189 1801 1328 1865 lege·

267 1895 440 1950 retur,
460 1884 731 1948 Principio,
739 1886 822 1948 ᾄτ.
837 1887 994 1946 atque
1013 1881 1114 1930 hoc
1133 1877 1331 1928 idcirco

264 1977 405 2014 nunc
468 1960 733 2023 annotavi,
786 1957 926 2023 quod
977 1955 1172 2006 Thraso
1222 1952 1334 2016 ille,

267 2054 421 2105 quem
446 2052 591 2102 saepe
613 2035 875 2098 describo,
895 2047 1061 2083 meam
1091 2031 1333 2081 emenda·

265 2117 468 2168 tionem
513 2120 742 2178 secutus,
790 2111 1003 2162 tacitam
1032 2106 1331 2173 praeteriit.

269 2205 587 2259 quemqnam
606 2190 730 2257 quid
754 2189 806 2239 in
844 2188 942 2238 hoc
976 2200 1185 2252 queror,
1212 2198 1330 2234 cum

269 2271 410 2322 idem
432 2266 622 2319 feeerit
644 2267 699 2316 in
720 2263 834 2316 aliis
846 2259 1332 2314 innumerabilibus?

332 2428 435 2477 834
456 2418 866 2485 flamniam-im]
887 2419 970 2471 Sic
986 2417 1107 2470 libri
1127 2422 1335 2468 veteres

271 2504 465 2557 litteris
482 2504 677 2556 Latinis
702 2520 717 2553 ε
750 2500 890 2568 qnod
908 2514 1093 2550 novum
1107 2512 1211 2548 non
1231 2502 1332 2547 est.

274 2584 367 2635 Sic
390 2579 489 2633 inf.
504 2579 772 2643 mni«,
802 2581 851 2631 4.
874 2581 1018 2628 1242.
1055 2574 1163 2636 Gis.
1227 2572 1336 2622 Ho-

274 2659 619 2709 minam.
677 2657 931 2717 Quaenam
952 2653 1194 2703 dicantur
1214 2651 1336 2710 ὁμοι-

275 2737 420 2800 ψερῆ
442 2746 566 2785 mox
583 2730 894 2797 explicabit3
930 2742 992 2779 ea
1007 2733 1180 2778 autem
1198 2732 1337 2788 sunt,

272 2826 495 2879 qnorum
520 2811 602 2859 vel
617 2808 838 2859 minimae
858 2813 1035 2872 partes
1052 2818 1239 2855 nomen
1258 2808 1336 2852 to·

270 2890 375 2940 tius
396 2888 483 2939 sni
500 2887 715 2947 habent,
737 2891 797 2935 ut.
816 2885 970 2948 lapis,
987 2888 1045 2933 ut
1064 2895 1261 2944 aurum,
1279 2886 1338 2929 nt

272 2965 511 3031 sanguis,
531 2966 628 3013 dcc.
684 2961 875 3014 Latine
889 2958 1237 3009 similaritatsm
1259 2955 1335 3005 di·

273 3056 401 3093 cere
428 3052 711 3105 possemus.
739 3038 864 3088 Fal».
1268 3056 1275 3061 ·

339 3123 443 3169 886
504 3116 646 3179 Ossa,
696 3115 806 3180 se]
870 3111 1079 3164 Servius
1110 3112 1245 3177 ·AEn.
1286 3114 1337 3162 4.

278 3200 396 3247 625.
478 3196 497 3223 ⁸
521 3192 770 3245 Exoriare
814 3191 998 3256 aliqms
1038 3188 1227 3240 nostris
1271 3202 1334 3236 ex

278 3273 483 3324 ossibus
529 3269 702 3335 ultor!
728 3267 1017 3319 secundum
1065 3265 1335 3329 Anaxago·

280 3364 393 3401 ram
418 3346 511 3413 qni
548 3344 931 3395 homiomeriam
954 3341 1099 3392 dicit.
1121 3341 1156 3391 i.
1177 3340 1338 3389 omni·

279 3441 368 3476 nm
413 3423 757 3474 membrorum
794 3417 1181 3473 similitudinem
1227 3430 1337 3467 esse

279 3503 335 3551 in
378 3501 536 3551 rebus
570 3498 828 3550 creandis.
914 3496 1058 3560 Ergo
1088 3496 1237 3547 sicut
1272 3509 1339 3544 ex

284 3577 510 3639 ossibus,
542 3577 618 3626 sic
639 3590 707 3627 ex
723 3574 975 3639 sangnine
997 3579 1054 3623 et
1083 3570 1339 3623 medullis.

280 3655 422 3707 Nam
446 3652 621 3703 omnia
641 3666 735 3716 pro
769 3658 920 3715 parte
953 3649 1033 3701 sui
1071 3653 1343 3715 transeunt

283 3734 339 3784 in
382 3730 815 3796 procreationem.
882 3728 969 3778 De
1006 3725 1342 3778 homiomeria

285 3807 616 3870 Anaxagorae
657 3805 771 3869 lege
804 3803 1142 3854 Aristotelem
1178 3801 1269 3851 lib.
1293 3804 1340 3851 1.

286 3886 353 3938 de
368 3883 709 3950 generatione
728 3880 1040 3931 animalium.
1071 3877 1212 3928 Pius.
1310 3903 1319 3909 ·

352 3963 452 4011 836
490 3957 703 4022 Ossibus,
720 3957 791 4007 sic
824 3961 871 4008 et
909 3957 989 4021 de]
1022 3955 1107 4005 Ita
1139 3961 1342 4004 veteres

288 4036 471 4088 nostri.
502 4035 789 4095 Marnllns;
814 4041 873 4085 nt
885 4032 1096 4097 vulgati
1116 4048 1129 4080 :
1151 4030 1347 4080 Ossibus

288 4115 383 4165 etsi
403 4116 483 4164 de.
516 4120 698 4162 contra
734 4119 936 4162 veteres
971 4110 1129 4159 libros
1151 4121 1345 4157 omnes.

297 4190 407 4253 Οὔ.
476 4190 561 4240 Sic
594 4189 790 4241 habent
825 4188 929 4238 dno
952 4186 1067 4237 cod.
1090 4197 1345 4234 manuscr.

297 4268 709 4334 qna-scriptura
750 4263 1026 4330 perspicue
1067 4268 1212 4311 recta
1248 4266 1349 4309 est.

295 4346 435 4397 Nam
458 4343 658 4408 vulgati
675 4342 861 4393 vitiose
897 4340 1109 4401 liabent,
1135 4336 1350 4400 Ossibus,

2281 413 2452 488 1021

1395 580 1444 626 d
1465 576 1538 627 sio
1558 578 1635 640 de,
1653 579 1735 640 ᾃσ.
1769 575 1947 626 lamb.

1461 653 1705 706 Panem-‘³
1719 650 2085 717 «imminuti-5]
2101 650 2456 714 Paucissimis,

1397 736 1455 780 et
1477 729 1814 798 parvissimis,
1830 729 2057 794 optimus
2080 729 2341 791 interpres
2358 727 2456 776 Fa·

1396 819 1528 870 yns:
1567 804 1644 854 Os
1667 804 1767 855 viz.
1789 805 2066 855 maximum
2104 812 2161 854 et
2200 804 2446 868 paucissi-

1395 881 1492 931 mis
1517 887 1573 930 et
1598 881 1917 945 parvissimis
1931 881 2131 933 ossibus
2141 879 2445 931 conficitur!

1399 963 1450 1009 8.
1471 962 1587 1007 380.
1646 958 1663 987 ‘
1684 957 1832 1009 Scire
1867 958 1993 1010 licet
2017 971 2263 1023 perquam
2285 971 2449 1021 panx-

1398 1035 1497 1086 illis
1513 1051 1629 1087 esse
1639 1045 1865 1088 creatam
1880 1033 2194 1095 Seminibus,
2213 1033 2453 1098 qnoniam

1398 1112 1603 1177 fugiens
1622 1114 1696 1164 nil
1720 1110 1967 1178 ponderis
1990 1108 2202 1160 aufert!
2238 1107 2450 1158 Greci-k.-

1461 1194 1561 1241 837
1603 1189 1792 1253 Viam]
1834 1186 2041 1240 Visceris
2061 1185 2191 1236 facit
2210 1185 2262 1235 in
2286 1184 2456 1249 patrio

1398 1281 1540 1318 casu.
1607 1267 1743 1317 -Hoc
1793 1279 1999 1317 carmen
2052 1263 2182 1314 citat
2231 1262 2457 1312 Servius.

1364 1363 1369 1366 ·
1402 1344 1717 1394 Marcellus:
1752 1343 1767 1371 ⁴
1785 1342 1972 1391 Viscus
1997 1338 2217 1403 positum
2241 1352 2336 1402 pro
2360 1338 2459 1386 vis·

1398 1434 1541 1470 cere.
1556 1421 1768 1469 Lucret.
1790 1415 2093 1466 Visceribus
2108 1413 2296 1477 viscus,
2307 1419 2364 1462 et
2379 1426 2459 1462 re.

1400 1497 1561 1561 liqna.
1590 1495 1737 1559 Virg.
1762 1493 1960 1558 Georg.
1983 1492 2074 1542 lib.
2098 1496 2146 1542 l.
2172 1494 2283 1541 189.
2320 1488 2457 1538 Tum

1398 1570 1601 1638 laqueis
1624 1576 1844 1634 captare
1859 1567 2002 1618 feras
2032 1573 2088 1617 et
2107 1565 2293 1616 fallere
2316 1566 2456 1615 visco

1306 1671 1311 1678 ·
1399 1645 1781 1698 Inventum.›i.
1823 1660 1873 1695 e.
1919 1644 2101 1695 tractis
2145 1641 2448 1692 visceribus.

1400 1724 1569 1775 Lucil.
1647 1723 1732 1773 Au
1772 1720 1911 1788 quod
1959 1734 2094 1785 pane
2137 1724 2196 1769 et
2246 1718 2450 1768 viscere

1401 1802 1552 1868 privo
1567 1802 1601 1850 ?’
1632 1799 1800 1850 Iidem
1836 1809 2056 1848 carnem·
2081 1795 2234 1845 inter*
2254 1793 2453 1844 corium

1402 1884 1460 1929 ot
1477 1891 1593 1928 ossa
1611 1876 1768 1925 viscus
1789 1870 2142 1938 appellabant.
2183 1868 2452 1930 Viscerari

1402 1954 1563 2020 prisci
1598 1952 1843 2004 dicebant
1886 1950 2056 2000 viscus
2094 1945 2288 2013 populo
2326 1945 2457 1995 divi-

1403 2029 1528 2081 dere
1551 2045 1566 2079 :
1602 2043 1760 2095 qnare
1782 2024 2076 2083 visceratio,
2099 2024 2266 2073 carnis
2281 2023 2458 2073 distri·

1402 2105 1569 2157 butio.
1636 2104 1853 2155 Romani
1876 2115 2040 2166 prope
2064 2099 2343 2149 solenniter
2360 2098 2457 2147 La-

1403 2183 1525 2236 tinis
1540 2183 1591 2232 in
1604 2182 1806 2232 Albano
1824 2174 2219 2229 viscerationem
2235 2173 2457 2224 dabant:

1404 2261 1471 2311 de
1501 2275 1604 2326 qun
1642 2257 1868 2320 Gellius,
1901 2254 2096 2317 Livius,
2120 2253 2332 2302 Servius
2353 2265 2459 2301 me·
2533 2257 2536 2260 ’

1402 2336 1682 2387 minerunt.
1714 2333 1918 2384 Seneca
1941 2346 1956 2381 x
1990 2331 2006 2358 ‘
2025 2327 2326 2382 visceratio
2347 2327 2461 2377 sine

1404 2415 1573 2466 amico
1594 2412 1759 2463 leonis
1783 2425 1844 2460 ac
1863 2406 1975 2473 lupi
2002 2406 2113 2457 vita
2133 2411 2233 2456 est.
2281 2403 2463 2453 Visce-

1404 2490 1577 2553 ratim,
1597 2503 1692 2555 per
1724 2488 1940 2537 viscera.
1973 2483 2114 2533 Pius.
2177 2480 2274 2531 Vir
2294 2479 2467 2530 indus·

1406 2566 1857 2630 trius‚sed.quem,
1877 2566 2093 2625 propter
2109 2557 2348 2607 ordinem
2370 2554 2462 2606 flo-

1406 2638 1774 2701 rentissimum,
1817 2651 1922 2686 non
1960 2632 2257 2701 appellabo,
2300 2633 2355 2681 in
2397 2646 2461 2681 eo

1407 2720 1723 2784 libro,qnem
1745 2712 1934 2765 homini
1949 2711 2212 2761 Germano
2234 2706 2465 2772 surripu-

1406 2801 1540 2859 erat,
1560 2800 1724 2860 negat
1740 2792 1911 2842 viscus
1945 2800 2164 2852 unquam
2198 2797 2291 2848 pro
2325 2783 2466 2832 omni

1408 2887 1567 2924 carne
1589 2872 1719 2921 sumi
1741 2883 1857 2935 quae
1897 2864 1995 2915 sub
2017 2871 2136 2913 cute
2161 2861 2261 2911 sit:
2299 2866 2457 2926 atque

1407 2952 1461 3002 in
1485 2967 1550 3002 eo
1572 2956 1774 3001 eeteros
1819 2942 2227 3012 imperitissimos
2263 2954 2377 2991 esse
2410 2949 2466 2990 et

1407 3027 1781 3093 nugacissimos
1824 3023 1985 3072 dicit:
2022 3017 2207 3068 vellem
2252 3013 2464 3082 probas-

1408 3110 1504 3157 set.
1555 3103 1620 3154 Id
1643 3112 1810 3164 certe,
1832 3099 1920 3166 qui
1950 3096 2023 3147 illi
2051 3094 2251 3155 favent,
2278 3091 2322 3141 si
2345 3105 2464 3156 pro-

1408 3183 1537 3235 bare
1578 3181 1772 3241 volent,
1812 3174 2126 3232 Lucretium,
2169 3169 2468 3232 Virgilium,

1411 3258 1681 3318 Ovidium,
1726 3261 1884 3318 atque
1921 3249 2054 3300 adeo
2094 3259 2272 3296 omnes
2307 3244 2467 3295 bonos

1410 3336 1694 3399 scriptores
1725 3331 2105 3387 adversatores,
2143 3321 2286 3382 faxo,
2309 3320 2465 3370 liabe-

1412 3412 1559 3462 bunt.
1595 3402 1717 3459 Fal».

1476 3483 1727 3548 Sanguen]
1762 3477 1994 3543 Sanguis.
2012 3473 2211 3540 antiqui
2233 3487 2328 3537 pro
2350 3486 2466 3522 san-

1412 3563 1585 3628 guine,
1636 3573 1764 3610 voce
1798 3553 2081 3616 notissima,
2118 3551 2218 3601 hoc
2256 3563 2469 3612 sanguen

1412 3639 1679 3695 dIcebant.
1745 3632 1952 3686 Author
1984 3627 2278 3680 Priscianus
2311 3626 2401 3676 lib.
2419 3629 2469 3674 6.

1415 3719 1639 3771 advocat
1660 3714 1925 3782 superbae
1943 3725 2000 3761 re
2019 3706 2320 3760 testimonia
2341 3705 2471 3770 pris-

1414 3811 1607 3848 corum.
1639 3796 1756 3859 lege
1800 3786 2169 3843 commentaria
2203 3789 2380 3835 nostra
2417 3782 2472 3832 in

1416 3875 1678 3926 Plautum.
1743 3871 1844 3921 Est
1895 3874 1953 3917 et
2001 3876 2231 3929 sanguen
2285 3859 2471 3910 arbor:

1417 3966 1535 4018 qnae
1555 3951 1698 4015 virga
1718 3945 2001 4011 sanguinea
2017 3941 2188 4004 vulgo.
2244 3932 2293 3988 Ᾱ
2316 3937 2473 3988 Colu-

1416 4028 1574 4079 mella
1613 4021 1943 4090 sanguinaria
1997 4017 2159 4069 herba
2209 4014 2403 4065 dicitnr
2439 4026 2475 4061 n

1418 4104 1669 4170 sanguine
1692 4098 1955 4151 sistendo:
1989 4108 2143 4161 quam
2179 4091 2474 4156 polygonon

1420 4182 1598 4233 Graeci
1616 4180 1812 4229 dicunt.
1849 4173 1990 4225 Geli.
2012 4170 2099 4220 lib.
2123 4173 2170 4218 3.
2201 4171 2216 4195 ‘
2240 4165 2473 4228 Eumque

1419 4260 1558 4308 inter
1570 4262 1795 4307 mortuos
1813 4247 2152 4312 defatigatum
2165 4240 2476 4299 vulneribus,

1423 4341 1583 4401 atque
1605 4333 1903 4398 spirantem,
1937 4322 2076 4390 quod
2117 4332 2342 4397 sanguen
2383 4314 2471 4365 de-
