3009 4925
494 460 560 506 Τ.
611 462 968 512 Lucass'rn
1019 465 1198 514 CAR!
1254 469 1350 516 ΒΕ
1396 468 1664 521 RERUM
1716 473 1891 525 NA'r.
1941 478 2081 526 mn.
2129 481 2175 528 1.

248 600 387 654 *alibi
408 602 660 668 loquitur,
680 608 873 656 reverti
894 608 960 658 ad
983 609 1211 661 nihilum.
1242 611 1330 662 Sic

268 677 471 729 locutus
506 686 591 731 est
632 689 689 732 et
728 683 981 735 M.·Tull.
1014 686 1153 737 Phil.
1190 693 1238 739 7.
1275 689 1328 739 in

268 762 401 805 extr.
451 757 469 785 ‘
494 755 648 808 Httnc
686 764 832 809 tuum
873 768 1071 813 tanturn
1110 779 1328 829 appara·

269 836 398 893 tum,
408 837 619 898 tamque
633 837 959 901 praclarum,
968 852 1034 888 ne
1042 839 1106 889 ad
1119 841 1328 892 nihilum

268 909 503 960 recidere
526 912 763 975 patiare!
794 914 963 968 lamb.

318 986 494 1050 Neque
511 989 692 1053 wem]
710 989 986 1055 Elegantia
1000 995 1329 1047 Lucretiam:

267 1060 342 1111 sic
374 1062 475 1112 inf.
513 1079 588 1115 vs.
630 1070 775 1117 1078.
807 1069 823 1096 ⁴
846 1068 960 1118 Nec
996 1070 1133 1134 quod
1173 1072 1326 1122 inane

267 1143 439 1188 autern
462 1140 582 1201 est,'
604 1145 703 1192 dcc.
738 1151 795 1194 et
828 1146 1032 1209 passim.
1064 1149 1141 1198 sic
1183 1153 1326 1199 1009.

265 1216 283 1243 ‘
298 1217 371 1266 Et
396 1218 536 1282 quod
562 1218 712 1270 inane
736 1227 906 1270 antem
928 1221 1044 1273 est.'
1083 1225 1246 1288 Preig.

326 1296 426 1343 858
464 1295 628 1344 Testor
645 1296 745 1359 res]
778 1296 865 1348 Ad,
884 1297 1037 1350 fidem
1059 1309 1114 1352 et
1140 1302 1326 1366 proba·

266 1368 460 1420 tionem
505 1376 791 1435 argumenti
833 1377 956 1430 satis
1009 1393 1072 1428 ea
1118 1378 1328 1445 fuerint,

266 1461 385 1511 qum
406 1454 532 1498 ante
556 1449 710 1502 allata
728 1457 862 1502 sunt.
900 1453 1017 1504 Feb.

327 1528 428 1573 859
462 1525 708 1577 Praetma
746 1530 964 1593 quoniam
1013 1530 1174 1596 Cibus,
1214 1533 1325 1596 ξω]

261 1600 400 1651 Talis
433 1606 520 1650 est
556 1604 631 1652 vis
662 1603 815 1668 hujus
848 1609 1165 1672 argumenti:
1203 1609 1325 1659 Cor·

263 1691 360 1741 pus
384 1677 505 1727 cibo
524 1686 760 1745 angetur,
782 1690 839 1732 et
859 1684 1041 1734 alitur:
1065 1684 1215 1736 cibus
1237 1701 1324 1735 an-

262 1761 390 1820 tem,
412 1772 516 1821 quo
536 1758 736 1823 alimur,
760 1776 860 1811 non
883 1770 967 1813 est
988 1780 1138 1830 unus,
1160 1781 1326 1831 neque

262 1834 413 1883 unius
433 1836 656 1897 generis.
675 1839 859 1890 alimur
874 1841 1030 1902 enim,
1048 1843 1193 1893 verbi
1211 1859 1325 1908 gra-

263 1910 355 1974 tia,
388 1926 546 1975 pane,
579 1915 839 1980 carnibus,
873 1918 1119 1982 piscibus,
1145 1922 1330 1972 radici·

260 1986 375 2051 bns,
398 2000 575 2051 caseo,
594 1989 869 2055 fructibus,
898 2002 953 2044 et
985 1995 1161 2047 baccis
1181 1998 1328 2049 arbo·

262 2077 397 2127 rum,
417 2078 569 2130 aqna,
590 2075 645 2116 et
664 2069 798 2132 vino,
819 2079 874 2120 et
895 2072 1163 2123 similibus.
1184 2077 1328 2140 atqui

261 2140 374 2190 baec
395 2148 521 2191 sunt
545 2144 834 2207 alienigena
855 2151 910 2197 et
946 2148 1214 2199 dissimilia
1249 2151 1326 2201 in-

264 2223 344 2269 ter
364 2234 441 2270 se.
466 2235 592 2284 ergo
615 2236 782 2288 neque
805 2239 971 2289 venae,
1012 2242 1180 2293 neque
1211 2245 1327 2279 san-

263 2296 397 2359 guis,
428 2309 598 2361 neque
635 2306 815 2351 cetera
852 2301 1052 2365 singula
1080 2314 1329 2357 constant

263 2372 500 2437 partibus
521 2374 806 2427 similibus:
845 2393 961 2428 cnm
995 2381 1164 2430 omnia
1197 2381 1329 2447 baec,

264 2458 419 2517 atque
438 2451 570 2503 adeo
583 2452 804 2518 singula,
822 2455 952 2507 cibis
973 2457 1074 2509 illis
1092 2460 1326 2511 omnibus

261 2530 492 2592 alantur,
514 2537 569 2580 et
592 2540 847 2583 crescant.
911 2534 1064 2586 Quod
1087 2537 1131 2586 si
1147 2536 1328 2586 dicant

260 2606 406 2657 cibos
425 2607 621 2658 omneis
641 2616 879 2659 constare
903 2625 1119 2675 corpore
1142 2613 1322 2664 misto:

261 2698 388 2750 ergo
412 2685 714 2746 alienigenis
738 2687 973 2751 partibus
994 2690 1324 2742 constabunt.

257 2761 434 2813 [απὸ.
502 2763 681 2825 Venae,
699 2764 925 2827 sanguis,
949 2772 1005 2815 et
1027 2780 1147 2816 ossa
1171 2768 1326 2817 variis

258 2838 392 2889 cibis
408 2839 645 2901 aluntur3
668 2847 724 2891 at
740 2840 842 2891 cibi
864 2841 1100 2905 ejusdem
1124 2844 1327 2908 generis

256 2928 379 2965 esse
421 2928 527 2965 non
563 2924 809 2978 possunt:
845 2932 971 2981 ergo
1004 2934 1174 2986 neque
1209 2936 1324 2970 san-

258 2992 401 3056 gnis,
422 3005 589 3057 neque
610 3008 776 3055 venae,
795 2998 895 3044 διο.
924 2995 1167 3046 similaris
1188 3004 1327 3048 sunt.

258 3067 456 3132 Itaque
479 3068 802 3133 Anaxagorae
838 3071 1207 3124 homoiomeria
1240 3088 1326 3123 ca·

258 3154 383 3196 rere
406 3159 694 3209 possumus·
718 3147 839 3198 Fab.
895 3149 1119 3212 Quarto,
1151 3166 1253 3201 vss.
1276 3155 1326 3202 9.

257 3223 517 3288 praeclare
538 3223 804 3288 disputat:
834 3226 921 3275 'Ex
940 3225 1096 3276 variis
1118 3228 1329 3277 allmen-

258 3299 332 3349 tis
352 3313 473 3364 quae
496 3298 828 3351 dissimilibus
864 3317 1072 3366 prorsus
1093 3310 1332 3354 constant

259 3375 507 3441 partibus
540 3390 757 3442 corpora
797 3385 975 3429 nostra
1017 3380 1331 3445 nutriuntur,

258 3452 405 3503 unde
446 3458 620 3516 partes
639 3454 801 3503 nostri
824 3456 1052 3520 corporis
1074 3454 1329 3508 dissimili-

260 3529 360 3580 bns
384 3534 627 3579 constare
650 3532 903 3594 sequitur,
936 3532 1153 3597 singulae
1192 3535 1329 3585 enim

258 3613 463 3671 partes,
484 3618 621 3669 ossa,
640 3608 807 3671 nervi,
831 3622 999 3674 venae,
1019 3613 1122 3661 διο.
1158 3609 1329 3660 diver·

260 3684 333 3734 sis
369 3688 429 3735 et
460 3682 794 3735 dissimilibus
817 3685 1073 3736 alimentis
1095 3688 1329 3737 nutriun-

259 3765 365 3810 tnr.
433 3758 493 3809 Si
526 3766 696 3809 autem
737 3759 917 3810 dicant
950 3761 1051 3812 ista
1086 3763 1332 3814 alimenta

260 3836 541 3887 continere
574 3835 853 3900 particulas
885 3851 1179 3899 nervorum,
1209 3839 1333 3889 ossi-

262 3928 369 3979 nm,
406 3916 510 3963 &m
551 3912 814 3963 fateantur
848 3928 1065 3964 necesse
1104 3921 1188 3965 est
1226 3929 1328 3965 non

262 4004 379 4041 esse
416 3988 473 4040 in
517 3989 629 4038 istis
666 3988 971 4054 corporibus
1006 4004 1139 4052 eam,
1178 4005 1329 4056 qnam

260 4064 416 4115 finxit
464 4062 820 4128 Anaxagoras,
874 4065 1328 4117 Homoeomeriasn.

260 4142 521 4192 Diversus
543 4148 601 4190 et
632 4140 908 4191 dissimiles
941 4150 1119 4206 partes
1153 4143 1329 4195 alieni·

260 4231 425 4284 genas
457 4224 724 4281 nuncupat
762 4218 1054 4281 Lucretius,
1089 4234 1217 4284 quas
1247 4235 1331 4270 re-

261 4300 412 4348 tenta
450 4308 579 4344 voce
615 4293 805 4344 Graeca
846 4294 999 4359 vulgo
1036 4297 1329 4362 Heteroge·

396 4375 582 4440 Detph.
600 4381 649 4425 et
684 4376 798 4429 ναν.
822 4379 954 4430 σιω.

1280 4379 1471 4430 haeret.

2282 466 2458 535 1025

1404 627 1547 678 neas,
1581 617 1659 667 uti
1697 614 1889 670 similes
1922 620 2286 689 Homogeneas
2307 639 2457 680 voca·

1401 705 1536 752 mus.
1571 695 1762 746 emeli.

1468 772 1567 819 860
1597 769 1737 821 Scire
1756 772 1869 823 licet
1881 775 2017 825 nobis
2034 778 2199 842 uenus]
2230 779 2319 832 Ita
2338 796 2453 833 rec·

1404 843 1599 896 tissime
1620 847 1672 897 in
1707 855 1813 898 vet.
1845 850 2007 916 libris,
2029 860 2090 904 ut
2125 862 2181 906 et
2213 871 2336 907 mox
2375 875 2453 910 vs.

1401 926 1517 972 898.
1554 923 1723 975 ‘scire
1745 925 1871 977 licet
1891 943 1994 980 non
2026 932 2179 993 esse‚'
2207 936 2304 984 διο.
2343 936 2454 997 Gif.

1402 997 1558 1049 Hunc
1579 1000 1748 1052 locum
1789 1003 1938 1054 nimis
1975 1007 2246 1060 audaciter
2279 1026 2452 1064 corru-

1402 1081 1587 1138 perant
1626 1088 1928 1143 arrogantes
1959 1084 2167 1149 quidam
2204 1088 2456 1154 homines,

1401 1159 1474 1214 et,
1510 1153 1645 1217 qnod
1684 1156 1891 1219 gravius
1925 1167 2026 1226 est,
2045 1177 2252 1213 versum
2277 1168 2454 1229 proxi·

1400 1240 1558 1288 mum,
1594 1232 1773 1282 nescio
1796 1235 1982 1298 quibus
2022 1240 2188 1289 causis
2222 1241 2456 1308 adducti,

1400 1304 1733 1358 sustulerant.
1801 1309 1908 1361 Alii
1930 1318 2302 1382 nuperexorti,
2343 1334 2457 1370 sce-

1399 1379 1692 1433 leratissimi
1728 1391 1785 1435 et
1823 1386 2172 1441 immanissimi
2222 1394 2452 1460 barbari,

1398 1456 1532 1507 hanc
1556 1473 1718 1509 meam
1757 1464 2170 1518 emendationem
2194 1469 2293 1519 sibi
2314 1486 2454 1523 arro·

1400 1541 1605 1598 garant,
1624 1545 1685 1585 ut
1709 1538 1834 1588 alias
1857 1537 1970 1590 fere
1994 1543 2205 1594 omneis.
2238 1545 2407 1597 Lerab-

1463 1610 1685 1673 Sanguen
1703 1619 1750 1664 et
1762 1616 1888 1679 ossa]
1920 1617 2090 1683 Marg.
2109 1627 2322 1672 nostra:
2344 1639 2452 1673 san·

1394 1689 1515 1752 guia
1529 1697 1577 1739 et
1598 1705 1702 1741 ossa
1717 1708 1733 1740 .·
1755 1692 1956 1745 vitiose.
1975 1696 2051 1745 sic
2064 1695 2236 1747 forsan
2257 1714 2452 1750 reman-

1399 1766 1469 1815 sit
1485 1781 1552 1816 ex
1586 1767 1786 1833 integra
1802 1785 1951 1836 voce,
1967 1775 2276 1835 ωπςιὺιεηις
2298 1792 2454 1842 qnam

1398 1842 1481 1892 bic
1503 1844 1779 1897 restituere
1801 1849 2007 1899 omnino
2027 1849 2345 1917 debuissent,
2365 1855 2458 1919 qui

1398 1932 1560 1983 snpra
1584 1935 1656 1971 vs.
1680 1925 1794 1973 863.
1822 1925 2199 1987 praetnlernntz
2220 1927 2456 1992 sanguis?

1398 2009 1461 2044 on
1480 1995 1626 2049 ossa?
1657 1998 1738 2048 vel
1759 2001 1960 2062 sangiiis
1977 2001 2349 2072 (trisyllabum)
2369 2023 2457 2058 aa·

1398 2086 1457 2121 ne
1490 2071 1583 2124 os?
1613 2075 1699 2125 vel
1733 2075 1936 2128 similia.
2002 2079 2117 2130 Imo
2157 2098 2456 2150 musaque

1398 2147 1535 2213 quod
1550 2150 1663 2213 jam
1703 2166 1778 2202 vs.
1818 2156 1934 2204 837.
1977 2160 2267 2223 praeessu,
2307 2162 2457 2226 quasi

1398 2231 1726 2280 contractum
1759 2243 1828 2278 ex
1851 2233 2255 2300 sanguinemque
2275 2251 2455 2288 neces-

1399 2298 1536 2350 sario
1558 2304 1906 2367 accepissent.
1940 2308 2043 2358 Sed
2058 2311 2172 2374 jam
2194 2326 2262 2362 ex
2285 2315 2455 2367 Ennio

1399 2383 1602 2429 veteres
1641 2382 1804 2432 etiam
1844 2398 2073 2449 sanguen
2105 2386 2296 2440 dixisse
2332 2406 2454 2442 con·

1397 2460 1524 2519 stat,
1546 2471 1579 2506 a
1601 2473 1722 2522 qno,
1746 2467 1806 2510 ut
1827 2462 2006 2526 multa,
2029 2464 2126 2515 lioc
2146 2467 2454 2520 vocabulum

1400 2533 1554 2583 etiam
1575 2539 1939 2601 transsumpsit
1956 2541 2249 2593 Lucretius.
2274 2545 2456 2597 Utitur

1399 2625 1460 2660 eo
1476 2611 1639 2667 etiam
1663 2613 1796 2664 Cato
1815 2613 1882 2664 de
1902 2616 2104 2667 babitu.
2137 2620 2308 2683 Preig.

1462 2691 1557 2739 861
1597 2689 1664 2738 Ee
1685 2705 1849 2741 nemos
1867 2694 2148 2757 alienigenis
2162 2711 2225 2746 ex
2240 2700 2458 2762 partibus

1397 2767 1518 2832 esse]
1548 2768 1686 2820 Quia
1704 2778 1946 2823 constant
1972 2788 2039 2823 ex
2076 2775 2140 2825 iis
2171 2776 2324 2828 rebus
2346 2780 2458 2844 qui·

1399 2844 1495 2893 bns
1531 2845 1737 2895 aluntur
1781 2855 1840 2896 et
1869 2857 2173 2912 augescunt.
2264 2852 2338 2902 At
2376 2868 2458 2918 ea,

1399 2920 1585 2985 quibus
1608 2922 1792 2973 alimur
1814 2932 1871 2975 et
1893 2940 2162 2991 augemur,
2195 2942 2300 2980 non
2335 2939 2458 2982 sunt

1398 2998 1629 3062 eJnsdem
1654 3000 1876 3066 generis,
1900 3016 2074 3069 neque
2107 3005 2357 3058 similibus
2379 3008 2456 3059 in·
2529 3042 2538 3053 -

1399 3079 1484 3123 ter
1504 3088 1561 3124 se
1580 3074 1813 3138 partibus
1829 3084 2085 3131 constant.
2098 3081 2268 3133 Βοιώ.
2303 3083 2462 3135 Hunc

1400 3163 1605 3202 versum
1646 3154 1797 3202 multi
1838 3154 2003 3205 Codd.
2027 3169 2128 3205 non
2151 3168 2459 3224 agnoscunt,

1400 3228 1543 3292 qnod
1561 3229 1887 3280 librariorum
1931 3232 2267 3297 negligentia
2289 3234 2459 3299 impu-

1403 3304 1613 3354 tandum
1649 3312 1754 3368 est,
1791 3305 1935 3355 illum
1972 3307 2111 3357 enim
2141 3308 2243 3359 sibi
2280 3312 2460 3361 vendi·

1401 3387 1492 3432 cat
1531 3382 1742 3432 Lucret.
1801 3382 1992 3433 (ἓν-κώ.
2072 3384 2277 3436 Deesse
2320 3387 2459 3439 hune

1401 3472 1608 3507 versum
1638 3458 1691 3507 in
1714 3457 1953 3509 omnibus
1974 3460 2104 3511 Μαι.
2127 3468 2341 3512 monent
2372 3464 2460 3513 hic

1402 3533 1562 3585 etiam
1601 3533 1906 3597 marginalia
1945 3541 2157 3586 nostra:
2193 3552 2350 3603 quum
2382 3546 2460 3590 ta·

1401 3625 1521 3661 men
1544 3611 1749 3661 omnino
1769 3610 1854 3660 bic
1878 3611 2174 3676 requiratur
2193 3627 2209 3673 3
2242 3627 2341 3663 nec
2356 3628 2459 3664 non

1401 3688 1715 3752 elegantiam
1751 3701 1813 3737 sc
1842 3701 2035 3738 morem
2068 3688 2299 3738 Lucretii
2321 3688 2459 3740 refe·

1402 3773 1501 3816 rat.
1527 3779 1684 3831 quum
1704 3764 1833 3814 dicit
1850 3765 1984 3815 nobis
2004 3779 2159 3817 venas
2193 3780 2260 3817 ex
2282 3766 2459 3817 alieni·

1404 3841 1550 3905 genis
1572 3841 1807 3904 partibus
1828 3855 1961 3892 esse.
2016 3841 2080 3891 Id
2104 3855 2265 3906 genus
2287 3840 2460 3907 παρέλ·

1400 3934 1545 3969 κοντα
1566 3922 1706 3966 amat
1721 3916 2059 3968 Lucret.·vid.
2080 3932 2154 3968 vs.
2175 3923 2292 3970 917.
2308 3926 2364 3970 et
2383 3920 2461 3970 sic

1403 3994 1612 4057 passim.
1646 3994 1817 4055 Preig‘.

1467 4073 1564 4119 862
1599 4069 1738 4135 affine]
1792 4069 1952 4134 Nota,
1974 4077 2035 4121 ut
2053 4071 2190 4136 apud
2213 4072 2458 4124 Plautum

1402 4153 1460 4196 et
1501 4146 1833 4208 Terentium,
1873 4162 1967 4212 pro
2001 4150 2017 4178 ‘
2042 4149 2085 4198 si
2107 4149 2319 4214 autem,'
2352 4151 2457 4212 vel,

1402 4222 1419 4251 ‘
1438 4222 1584 4288 sique
1602 4221 1638 4273 :’
1672 4221 1809 4289 quod
1832 4224 1899 4274 ob
1929 4224 2244 4277 sententiam
2275 4232 2459 4276 notan·

1402 4296 1528 4348 dum
1550 4295 1666 4349 fuit.
1703 4297 1825 4349 Feb.

2222 4380 2330 4431 8⁹1·
