3009 4925
443 460 507 507 Τ.
555 455 912 508 LUcRss'rn
961 452 1139 502 GARl
1194 451 1290 500 Dss
1340 451 1605 499 RERUM
1662 449 1836 497 NAT.
1893 447 2029 495 [ΑΒ.
2078 448 2126 494 Ι.

247 604 414 653 onais.
451 601 595 651 Omni
616 600 685 652 G.
709 599 773 649 P.
796 603 961 649 recte.
994 596 1188 646 Creeeh.

304 679 447 730 Porro
479 678 525 729 ἀ
558 679 687 728 nana
728 676 823 740 est]
872 674 1024 728 Quod
1068 682 1149 724 est
1187 671 1282 723 fal-

244 771 343 806 sum
370 756 768 819 ,Epicureorum
832 752 1128 802 sententia:
1188 749 1279 799 sed

244 832 576 896 Peripatetici
600 832 782 881 volunt
803 844 918 879 esse
938 843 1136 881 verum.
1169 827 1281 878 Sci-

244 908 416 958 endum
438 914 521 958 est
555 913 747 969 autem,
785 905 896 955 baee
929 905 1049 967 duo,
1087 905 1282 954 nullum

244 999 346 1035 esse
365 983 516 1034 finem
540 982 695 1032 rebus
717 980 1039 1046 frangendis,
1056 988 1111 1030 et
1132 981 1280 1031 resin

245 1061 457 1110 udnimas
482 1059 680 1125 parteis
701 1073 805 1109 non
830 1058 1040 1119 resolvi,
1062 1058 1282 1120 ratione,

246 1147 293 1189 et
308 1139 563 1189 sententia
593 1150 751 1187 unum
765 1135 1001 1198 esse‚vel
1022 1149 1080 1184 se
1103 1143 1283 1185 mutuo

246 1216 491 1281 consequi,
531 1221 691 1279 atque
728 1214 868 1263 iuter
895 1227 952 1262 se
978 1226 1284 1276 congruere.

244 1306 346 1342 uam
360 1293 402 1342 si
417 1306 498 1342 res
512 1305 616 1341 non
634 1291 963 1341 resolvuntur
980 1290 1032 1339 in
1050 1290 1284 1341 minimas

245 1371 459 1434 parteis3
506 1383 639 1434 ergo
670 1369 796 1419 nibil
838 1368 941 1420 erit
986 1368 1282 1421 minimumz

245 1461 354 1512 ergo
374 1449 475 1498 erit
496 1445 696 1512 aliquid
730 1446 924 1496 miuus:
960 1460 1027 1495 ex
1042 1461 1144 1511 quo
1164 1460 1283 1496 con·

245 1534 487 1590 sequetur,
501 1533 566 1574 ut
587 1538 668 1573 res
691 1537 867 1574 omnes
884 1525 935 1572 in
957 1523 1152 1586 parteis
1171 1523 1284 1573 inti·

246 1603 365 1653 nitas
391 1602 557 1653 dividi
595 1601 814 1665 possint.
846 1600 1014 1651 Lami».
1082 1600 1159 1649 Ut
1197 1600 1284 1650 isti

248 1681 422 1743 velunt,
460 1695 571 1731 non
614 1681 891 1743 Epicurus.
950 1678 1070 1730 Feb.
1152 1678 1311 1730 Ulti-·

247 1770 386 1819 mam,
407 1771 506 1822 quo
525 1756 712 1819 utitur,
729 1760 1086 1820 argumentum
1109 1771 1213 1806 vss.
1232 1759 1285 1807 7.

238 1833 333 1897 jam
372 1833 611 1898 probatis
644 1833 844 1883 nititur.
896 1832 1039 1882 Olim
1075 1832 1286 1883 demon·

249 1917 507 1972 straverat,
530 1910 618 1959 vel
639 1909 837 1960 semina
857 1908 1095 1976 quaedam
1121 1909 1187 1960 ab
1214 1924 1282 1959 ιιι-

249 1993 380 2038 terno
395 1988 703 2038 indissoluta
724 1994 781 2037 et
803 1985 1023 2037 infracta
1040 2002 1171 2052 esse,
1191 1996 1284 2039 aut

247 2066 397 2115 nullas
429 2080 511 2116 res
547 2066 754 2116 omnino
776 2066 943 2128 nasci,
966 2066 1050 2115 vel
1073 2079 1104 2115 e
1127 2066 1287 2116 nihilo

249 2141 358 2192 oriri
376 2144 647 2207 potuisse:
682 2145 778 2192 res‘
803 2142 945 2192 nasci
972 2141 1072 2206 ipsi
1110 2156 1290 2192 sensus

250 2217 609 2284 demonstrant,
625 2225 681 2269 et
701 2221 871 2270 nihile
894 2219 1052 2270 nihilo
1068 2219 1190 2270 oriri
1213 2219 1289 2270 fa·

250 2302 405 2347 tentur
430 2310 643 2358 omnem
678 2297 724 2347 si
759 2310 883 2346 vero
920 2296 1114 2347 nullum
1153 2304 1294 2347 esset

252 2373 450 2424 solidum
473 2374 620 2440 quod
659 2373 827 2440 frangi
867 2382 923 2425 et
957 2374 1169 2425 dissolvi
1202 2389 1292 2424 ne·

249 2462 404 2516 quest,
420 2453 509 2506 ubi
534 2454 882 2506 inveniremus
895 2469 1110 2521 corpora
1126 2454 1214 2505 illa
1229 2453 1294 2504 ab

252 2538 432 2584 aterno
464 2534 776 2584 indissoluta
796 2540 853 2584 et
872 2533 1131 2586 infracta?
1163 2536 1293 2585 Cum

255 2609 377 2659 euim
408 2609 625 2675 fragiles
668 2612 937 2662 moleculae
960 2610 1175 2661 infinitis
1207 2625 1294 2661 oc·

253 2686 470 2737 cursibus
491 2686 792 2752 ictibusque
826 2687 1062 2738 obnoxie
1095 2688 1217 2750 sint,
1239 2685 1297 2736 fi·

254 2763 318 2811 eri
337 2777 432 2814 uon
466 2773 662 2830 potest,
694 2774 753 2815 ut
776 2772 880 2815 tam
902 2765 1150 2816 diuturno
1169 2772 1295 2816 tem-

254 2852 366 2902 pore
388 2855 488 2892 uon
511 2842 620 2891 sint
642 2842 913 2893 exsolutae.
951 2843 1145 2893 Creeeh.

311 2916 460 2968 Porro
494 2921 541 2969 si
580 2920 713 2969 naun
746 2925 836 2982 est,
876 2918 985 2984 qma]
1024 2919 1096 2969 Hi
1114 2923 1163 2971 7.
1187 2934 1297 2970 ver·

255 3010 334 3047 sus
370 3013 468 3049 nou
508 2999 844 3049 inveniuntur
892 3000 946 3048 in
983 2999 1048 3050 B.
1089 3013 1138 3048 v.
1182 3001 1298 3051 680.

255 3088 342 3138 pro
362 3077 584 3141 Tempore
605 3076 780 3141 Fayus
802 3076 935 3140 legit
973 3077 1211 3140 Corpore,-
1244 3080 1302 3125 et

256 3164 342 3214 pro
389 3155 605 3215 queam
641 3153 729 3203 alii
767 3153 991 3216 Quaque.
1023 3159 1301 3216 utrumque

257 3230 504 3296 inperite.
544 3232 739 3284 (ἑνικὴ.

311 3313 407 3359 679
440 3309 693 3373 Quadam]
726 3308 813 3358 Sic
851 3308 1146 3373 legendum,
1197 3321 1302 3358 non

256 3401 449 3451 qnoque,
472 3401 571 3437 uec
584 3402 822 3451 quaquam
838 3404 854 3437 ε
876 3400 991 3452 quae
1010 3387 1128 3438 duae
1141 3387 1305 3451 scrip-

259 3467 379 3513 tum
411 3464 612 3514 vitiose
648 3470 785 3513 natoe
820 3470 941 3513 suut
979 3463 1201 3514 fortasse
1238 3477 1305 3513 ex

258 3538 336 3589 ills
367 3539 650 3605 depravata
677 3556 923 3605 quaquam,
957 3555 1072 3607 quae
1114 3541 1307 3605 reperi·

261 3615 403 3666 turin
421 3618 622 3667 dnobus
639 3619 1025 3683 manuscriptis:
1050 3619 1305 3683 deprava-

262 3696 313 3741 ta
329 3700 408 3743 est
428 3700 606 3743 autem
633 3708 701 3743 ex
725 3699 870 3744 recta
886 3697 1117 3758 quedam,
1135 3709 1250 3745 cum
1276 3708 1308 3743 a

260 3767 467 3821 librario
487 3771 521 3819 d
543 3770 724 3821 littera
750 3780 891 3820 esset
910 3773 1138 3822 inversa.
1203 3770 1305 3822 Sed

262 3842 406 3908 hujus
443 3845 549 3896 loci
598 3847 912 3896 sententiam
966 3849 1310 3912 explicemus.

264 3919 454 3972 Demus
485 3921 706 3988 (iuquit)
744 3924 941 3973 'nuilum
976 3938 1091 3974 esse
1138 3935 1309 3973 rerum

261 3996 651 4064 frangendarum
665 4000 841 4063 finem,
862 4000 999 4065 quod
1034 4007 1206 4052 tamen
1228 4008 1313 4050 est

264 4073 459 4126 falsum.
493 4091 670 4126 verum
709 4082 881 4126 tamen
923 4077 1123 4128 demus.
1163 4082 1311 4127 certe

267 4153 416 4203 nihilo
456 4154 624 4203 miuus
646 4167 863 4203 necesse
884 4161 966 4205 est
994 4155 1167 4220 aliqua
1196 4170 1310 4205 cora

270 4243 391 4293 pore
407 4224 648 4293 superare,
666 4229 702 4280 i.
726 4244 772 4280 e.
792 4245 1087 4295 superesse,
1109 4240 1166 4282 et
1186 4250 1311 4297 περι·

265 4306 466 4367 γίνεσθαι
481 4307 629 4356 rebus
641 4307 929 4371 gignendis,
952 4323 1069 4373 qum
1091 4322 1313 4373 corpora

270 4383 400 4434 nullo
422 4383 665 4449 periculo
676 4381 870 4435 fuerint
888 4391 1107 4437 tentata.
1119 4386 1312 4453 alioqui

2282 427 2420 493 985

1277 640 1287 648 ,
1357 597 1625 643 consumta
1667 591 1902 653 materia,
1943 598 2001 641 et
2044 588 2200 640 rebus
2256 594 2416 638 oetate

1358 669 1631 731 confectis,
1667 677 1724 719 et
1756 667 2035 732 corruptis,
2072 668 2151 715 vel
2191 665 2311 715 nihil
2337 679 2419 714 re-

1360 754 1682 808 nasceretur,
1704 746 1787 795 vel
1814 759 1897 794 res
1936 758 2000 793 ex
2037 743 2197 793 nihilo
2233 740 2419 791 refice·
2448 750 2451 753 ’

1360 831 1572 875 rentur:
1608 823 1748 890 quod
1770 831 1853 874 est
1875 821 2122 872 ἀδύνατον.
2161 819 2331 869 Lamb.

1427 900 1625 964 Tamen]
1646 901 1752 950 Pro
1772 902 1978 951 tandem.
2003 900 2182 949 Plaut.
2206 897 2417 945 Terent.

1361 980 1486 1030 Fue».

1423 1060 1519 1106 581
1580 1056 1803 1120 clueant]
1849 1054 1984 1105 Sint.
2033 1051 2153 1102 Feb.
2237 1049 2319 1099 Au
2353 1062 2417 1097 ex

1359 1134 1490 1183 Mas.
1515 1131 1677 1183 ductu
1697 1130 2063 1181 scribendum?
2109 1129 2231 1184 Quae
2249 1127 2422 1175 nodum

1359 1211 1510 1260 deant
1530 1210 1657 1259 nullo
1693 1214 1733 1258 t.
1765 1223 1815 1272 p.
1848 1208 1880 1259 i.
1906 1223 1953 1257 e.
1990 1222 2108 1273 quae
2131 1206 2341 1256 densam
2364 1208 2423 1252 et

1356 1287 1602 1351 stipatam
1647 1285 1877 1336 efficiant
1926 1283 2213 1334 materiam.
2298 1280 2420 1332 Non

1360 1374 1536 1415 tamen
1556 1370 1752 1414 temere
1775 1361 2092 1426 mutandum,
2120 1373 2262 1424 saepe
2283 1356 2422 1410 enim

1357 1442 1513 1491 cluere
1534 1455 1565 1489 a
1586 1439 1743 1503 poeta
1764 1452 1859 1503 pro
1880 1452 1978 1487 esse
1998 1435 2207 1486 dicitnr.
2244 1434 2378 1484 Hac.

1425 1522 1525 1567 ⁵82
1556 1515 1630 1567 At
1650 1515 1887 1580 qnoniam]
1942 1513 2317 1577 Argumentum
2340 1519 2423 1561 est

1361 1613 1393 1647 a
1413 1595 1836 1661 repugnantibus.
1901 1593 1958 1643 Si
1981 1593 2093 1656 quis
2116 1589 2280 1651 dicat,
2312 1602 2425 1639 cor-

1363 1690 1488 1742 pora
1507 1676 1676 1740 prima
1712 1687 1828 1725 esse
1861 1670 2033 1735 fragili
2070 1677 2256 1719 natura
2292 1682 2423 1732 pra·-

1361 1753 1490 1818 dits,
1517 1758 1777 1816 negetque
1800 1762 1912 1798 esse
1951 1744 2280 1804 solidissima,
2314 1744 2426 1792 bec

1364 1835 1595 1896 pugnant
1615 1829 1755 1879 inter
1776 1841 1853 1889 se,
1883 1831 1942 1875 et
1960 1822 2050 1873 illa
2071 1835 2183 1871 esse
2204 1819 2426 1883 fragilia,

1362 1915 1417 1958 et
1437 1907 1619 1958 eadem
1641 1905 1709 1955 ab
1730 1910 1927 1954 aterno
1949 1907 2185 1968 tempore
2203 1897 2269 1948 ad
2287 1898 2427 1947 hunc

1363 1984 1503 2034 diem
1540 1985 1748 2046 integra
1780 1986 1838 2029 et
1876 1979 2022 2028 salva
2046 1989 2313 2026 remanere
2335 1987 2425 2037 po-

1364 2061 1545 2122 tuisse,
1588 2074 1705 2108 cum
1744 2054 1960 2107 assiduis
2002 2052 2190 2103 ictibus
2232 2049 2429 2100 fuerint

1366 2139 1645 2189 verberata
1678 2150 1740 2185 ac
1772 2138 1979 2183 vexata.
2018 2129 2161 2195 atqui
2198 2127 2343 2178 salva
2374 2133 2430 2175 et

1365 2213 1644 2264 incolumis
1682 2212 2077 2261 remanserunt:
2116 2205 2304 2270 alioqui
2345 2217 2430 2253 res

1368 2306 1431 2341 ex
1466 2291 1628 2341 nihilo
1661 2288 2018 2340 reficerentur.
2052 2297 2177 2349 ergo
2213 2296 2433 2347 corpora

1369 2370 1534 2434 prima
1559 2374 1677 2419 sunt
1698 2365 2031 2427 solidissima,
2067 2374 2235 2426 neque
2258 2358 2432 2424 fragili

1370 2453 1558 2498 natura
1575 2443 1813 2511 praedita.
1877 2441 1974 2491 Est
2008 2438 2172 2504 igitur
2202 2438 2254 2487 in
2276 2436 2432 2487 rebus

1371 2522 1571 2589 aliquid
1606 2522 1903 2572 minimum:
1944 2522 2001 2567 et
2034 2515 2432 2578 frangendarum

1371 2614 1546 2650 rerum
1592 2597 1793 2659 modus,
1846 2600 1903 2643 et
1943 2592 2060 2643 finis
2099 2597 2183 2642 est
2226 2590 2431 2655 aliquis.

1371 2676 1540 2727 Lumb.
1594 2675 1666 2723 Et
1685 2672 1919 2737 quoniam.
1971 2668 2127 2718 Falsa
2148 2664 2434 2730 suppositio

1374 2768 1440 2805 ex
1464 2751 1749 2804 assertione
1770 2741 2144 2813 Peripatetica.
2182 2743 2305 2793 Fab.

1438 2835 1535 2881 58⁵
1561 2829 1784 2892 Denique
1802 2825 1911 2887 jans
1946 2819 2187 2888 quoniam]
2222 2820 2286 2871 In
2311 2818 2437 2869 duo-

1375 2909 1472 2959 bus
1505 2907 1623 2959 cod.
1663 2903 2005 2967 manuscript.
2047 2907 2103 2952 et
2146 2900 2200 2949 iu
2238 2898 2437 2963 aliquot

1376 2987 1586 3039 excusis
1610 2985 1768 3036 etiam
1790 2984 1889 3032 boc
1912 2982 2045 3042 loco,
2070 2977 2252 3028 ordine
2273 2980 2435 3025 muta-

1378 3073 1453 3128 to,
1477 3065 1730 3126 deinceps
1764 3058 2085 3124 sequebatur
2117 3054 2203 3105 bie
2237 3064 2436 3115 versus,

1378 3159 1494 3195 cum
1521 3142 1637 3192 aliis
1656 3154 1769 3202 sex,
1791 3138 1950 3188 Porro
1972 3135 2017 3184 si
2036 3134 2172 3183 nitu«
2203 3136 2272 3180 est
2295 3129 2439 3191 frun-

1374 3219 1524 3284 gmdi
1540 3217 1778 3283 redd.fin.
1818 3226 1916 3278 ego
1949 3216 2160 3261 secutus
2195 3221 2307 3258 sum
2329 3205 2441 3271 ple-

1380 3310 1567 3362 rosque
1611 3293 1750 3358 typis
1794 3303 2026 3350 excusos,
2066 3297 2234 3350 neque
2267 3290 2439 3332 tamen

1380 3388 1553 3425 meum
1590 3386 1701 3421 esse
1736 3375 1866 3434 puto
1900 3367 2040 3415 hunc
2075 3362 2161 3411 vel
2191 3360 2334 3409 illum
2361 3373 2441 3407 or-

1382 3453 1558 3503 dinem
1578 3448 1820 3515 probare,
1835 3450 1926 3493 aut
1942 3438 2252 3505 improbare.
2275 3435 2444 3486 Lmnb.

1383 3532 1482 3583 His
1502 3543 1607 3580 vss.
1630 3529 1712 3577 15.
1748 3524 1902 3574 aliam
1940 3516 2153 3582 subjicit
2192 3515 2442 3564 rationem

1385 3607 1660 3662 Lucretius
1697 3601 1905 3652 ductam
1944 3610 2011 3646 ex
2048 3589 2326 3657 multiplici
2352 3603 2442 3638 na·

1386 3695 1519 3738 turae
1556 3677 1866 3740 constantia,
1909 3682 1967 3724 ut
2005 3672 2059 3722 iu
2099 3666 2446 3733 provehendis

1386 3776 1594 3828 semper
1616 3753 1957 3810 animantibus
1984 3749 2050 3798 ad
2086 3754 2260 3798 certas
2283 3758 2449 3809 usque

1388 3843 1593 3903 virium,
1630 3832 1957 3893 incrementi,
1996 3841 2061 3877 ac
2094 3826 2220 3875 vitm
2257 3829 2447 3885 metas,

1385 3921 1439 3970 in
1462 3911 1816 3984 imprimendis
1838 3918 2046 3970 semper
2067 3902 2248 3953 iisdem
2273 3900 2450 3964 siugu-

1387 3999 1551 4047 lorum
1576 4000 1824 4058 generum
1863 3978 2243 4034 discriminibus
2276 3984 2332 4026 et
2360 3988 2452 4024 no·

1390 4076 1491 4136 tis;
1532 4085 1648 4137 quoe
1673 4065 1979 4132 praestitura
2004 4071 2125 4108 saue
2149 4069 2252 4104 non
2286 4059 2449 4116 esset,

1389 4153 1489 4202 nisi
1508 4145 1777 4214 principiis
1794 4145 2031 4191 uteretur
2050 4134 2231 4195 certis,
2249 4138 2306 4181 et
2327 4143 2458 4180 con-

1389 4229 1668 4288 stantibus,
1726 4228 1882 4286 atque
1926 4215 2057 4264 adeo
2110 4207 2452 4270 dissolutioni,

1389 4303 1771 4365 mutationique
1816 4309 1920 4344 non
1957 4287 2208 4341 obnoxiis.
2299 4283 2456 4335 Unde

1391 4384 1527 4437 enim
1551 4375 1832 4430 seminibus
1853 4366 2086 4435 quotidie
2119 4360 2329 4413 mutatis
2353 4361 2454 4411 ista
