3009 4925
541 530 831 599 ‘pavidus‚’
870 535 926 580 et
962 527 1022 579 τδ
1065 529 1082 557 ‘
1108 525 1424 579 timefactus’
1465 523 1603 575 idem

543 611 667 673 sint,
682 602 818 659 nunc
832 607 1060 673 quidem.
1076 604 1404 672 quamobrem
1422 602 1605 652 lubens

543 689 777 753 legerim,
813 686 912 735 His
930 684 1022 735 eibi
1042 689 1143 734 tum
1173 682 1313 732 rebus
1341 679 1605 745 pavefactae

541 764 813 825 relligiones
830 760 1089 825 Effugiant
1107 759 1283 820 animo,
1297 756 1460 831 pqos‘di
1478 768 1603 805 mor·

545 840 699 902 risque
750 835 987 891 timores?
1015 831 1025 842 ’
1056 836 1206 887 Solet
1246 835 1381 884 enim
1425 837 1606 883 noster

546 913 939 978 conjunctiones
983 916 1076 962 aut
1116 918 1474 975 transponere,
1513 913 1605 958 aut

543 988 750 1052 longius
794 988 949 1052 paulo
992 987 1217 1043 trahere,
1262 984 1418 1050 idque
1458 996 1604 1034 more

545 1072 779 1116 veterum
800 1064 1092 1129 poetarum.
1124 1063 1262 1116 Quin
1280 1069 1339 1113 et
1354 1060 1603 1112 Ovidium

546 1142 737 1205 ipsum,
798 1141 888 1212 qui
949 1147 1119 1191 tamen
1167 1139 1269 1191 arti
1305 1137 1606 1202 obsequitur

547 1218 789 1279 maxime,
813 1216 951 1266 idem
969 1214 1240 1267 factitasse
1262 1214 1387 1264 satis
1410 1213 1459 1264 ei
1481 1225 1605 1262 cou-

545 1300 671 1356 stat,
689 1293 773 1344 cui
794 1293 964 1344 notior
983 1294 1073 1343 iiie
1098 1293 1252 1356 paulo
1284 1297 1385 1342 est.
1451 1287 1606 1342 Quod

549 1376 719 1420 autem
736 1370 935 1434 pavidos
957 1371 1147 1420 timu-es
1167 1368 1276 1418 dixi
1312 1366 1416 1432 legi
1452 1365 1605 1429 velie,

548 1445 674 1496 nibil
704 1456 786 1495 me
825 1446 946 1496 novi
990 1444 1177 1495 fecisse
1208 1445 1452 1494 arbitror.
1518 1441 1608 1491 Ita

548 1522 685 1572 enim
707 1522 932 1586 optimus
949 1521 1163 1587 quisque
1186 1526 1419 1570 veterum
1441 1516 1608 1582 ioqui-

550 1608 655 1648 tur.
688 1598 764 1648 sic
788 1597 1008 1651 Ovidius
1040 1596 1058 1625 ⁸
1076 1595 1292 1662 pavidos
1308 1592 1494 1645 metus'
1517 1592 1607 1642 aii-

549 1673 670 1724 eubi
695 1672 923 1736 vocavit,
941 1674 994 1723 in
1016 1672 1190 1723 Fastis
1212 1671 1426 1737 opinor;
1482 1669 1608 1720 aiibi

547 1751 565 1780 ⁸
587 1750 822 1815 pavidam
846 1747 1207 1814 formidinem,'
1239 1749 1291 1798 in
1314 1748 1449 1798 Met.
1472 1752 1534 1797 ut
1553 1752 1610 1796 et

547 1828 563 1869 ‘-
583 1826 825 1892 pavidum
846 1826 1122 1891 timorem,'
1145 1826 1321 1876 nescio
1338 1840 1439 1891 quo
1460 1825 1612 1889 loco;

550 1919 669 1954 nam
691 1906 804 1954 haec
825 1918 856 1954 a
879 1906 1124 1955 memoria
1158 1912 1296 1955 sunt.
1360 1904 1462 1957 Qui
1498 1903 1610 1954 otio

551 1978 908 2043 abundabunt,
939 1980 1088 2045 plura
1116 1979 1196 2029 bis
1240 1978 1453 2030 addent.
1487 1977 1611 2028 Pub.

551 2057 753 2106 Emead.
802 2056 946 2105 Voce
1014 2058 1031 2085 ⁸
1052 2054 1376 2105 Timefactae'
1446 2055 1614 2105 utitur

550 2132 751 2181 Tunius
776 2131 869 2183 lib.
888 2136 937 2182 2.
972 2132 1040 2182 de
1063 2131 1166 2184 Off.
1200 2148 1297 2184 nec
1333 2132 1615 2197 rejicimus,

551 2208 651 2257 etsi
684 2208 702 2236 ‘
720 2208 941 2272 puvidae’
980 2215 1245 2276 sequatur.
1300 2207 1406 2258 Am
1433 2208 1613 2271 legunt

553 2283 829 2344 tumefacto-
893 2284 1030 2338 Quid
1068 2286 1121 2335 ni
1160 2285 1176 2314 ‘
1198 2282 1495 2335 tumefaetae
1533 2298 1612 2333 re·

551 2358 784 2423 ligioues'
817 2360 914 2413 i.e.
934 2361 1206 2426 superbae3
1238 2358 1296 2412 ut
1327 2360 1612 2410 ‘Dominus

551 2434 751 2486 metus'
802 2435 941 2502 apud
987 2437 1305 2502 Lucretium,
1380 2434 1616 2489 Δεστότις

553 2510 812 2576 Εἱμαρμένη
843 2514 982 2579 apud
1015 2515 1336 2579 Epicurum?
1370 2514 1615 2565 Laiirtius

552 2589 606 2638 in
628 2590 737 2638 vita
751 2589 982 2655 Epicuri.
1046 2589 1218 2641 Faber
1232 2605 1334 2641 uon
1360 2597 1536 2654 potest
1549 2589 1615 2640 ab

554 2664 724 2714 animo
749 2680 838 2716 suo
858 2667 1141 2731 impetrare
1156 2672 1215 2717 ut
1237 2665 1497 2732 approbet
1520 2667 1614 2717 Re-

555 2741 757 2803 ligiones
789 2743 1069 2807 timefactae,
1098 2744 1307 2807 pavidae,
1338 2758 1454 2794 cum
1485 2743 1504 2772 ‘
1523 2757 1615 2807 pa·

556 2815 817 2868 vidus'.et
850 2817 1202 2869 ‘timefactus'
1237 2818 1376 2868 idem
1408 2824 1616 2882 sonent,

555 2892 890 2957 quamobrem
909 2893 1091 2944 iubens
1112 2893 1262 2957 legit,
1281 2894 1380 2943 His
1407 2894 1497 2943 tibi
1515 2897 1615 2942 tam

553 2965 695 3018 rebus
740 2969 1004 3034 pavefacta
1042 2973 1297 3035 religiones
1357 2961 1616 3037 Effingiaat

553 3046 731 3109 nimo,
759 3047 924 3110 pavidi
958 3048 1212 3114 nonisque
1253 3049 1444 3098 timores
1494 3049 1616 3099 Tam

555 3137 754 3172 marna
787 3129 955 3186 pectas
986 3126 1227 3189 linquant,
1265 3129 1347 3191 ςτ.
1394 3126 1612 3176 Creecb.

557 3199 630 3249 Et
651 3213 746 3248 cur
766 3212 869 3250 nou
903 3200 1091 3265 pauida
1128 3201 1384 3266 mortisque
1421 3202 1616 3251 timeres

554 3273 781 3324 scribas?
801 3276 910 3324 sola
932 3275 1266 3328 distinctione
1283 3284 1502 3344 mutata,
1518 3293 1615 3345 pro

554 3357 724 3401 morte
759 3352 999 3416 pavidum
1037 3353 1309 3420 reddente,
1353 3362 1413 3405 ut
1449 3355 1615 3406 multa

557 3427 699 3477 talia.
734 3427 866 3478 Hae.

619 3507 686 3554 44
722 3503 1005 3570 Effieiaat]
1037 3505 1174 3557 Vide
1190 3506 1615 3559 Emendationes.

556 3579 803 3631 Ceterum
840 3583 917 3632 ita
958 3582 1222 3647 existimo,
1266 3584 1379 3634 tolli
1422 3583 1618 3634 debere

556 3655 966 3722 distinctionem,
1009 3666 1066 3709 et
1096 3659 1234 3710 bunc
1271 3674 1475 3711 versum
1499 3675 1617 3712 cum

558 3733 798 3798 sequenti
840 3731 1271 3787 connectendum.
1305 3737 1428 3788 Fae».
1464 3738 1586 3788 Not.

562 3849 571 3854 -
621 3814 686 3860 4⁶
722 3810 1060 3862 Temnum
1083 3813 1272 3877 pectas]
1329 3813 1471 3863 Libri
1508 3814 1620 3879 qui·

557 3884 677 3936 dem
700 3894 905 3937 veteres
935 3886 1149 3952 babent,
1169 3904 1365 3939 menam
1406 3894 1612 3956 tempium·

559 3961 697 4025 quod
717 3963 759 4012 si
782 3963 1075 4029 probemus,
1094 3965 1342 4031 ‘tempus’
1361 3968 1620 4032 accipien-

558 4037 681 4088 dum
702 4053 800 4104 pro
819 4040 1014 4106 capite,
1035 4049 1093 4091 ut
1107 4042 1246 4106 apud
1264 4042 1621 4110 Cornificium,

556 4113 645 4180 qui
665 4114 755 4165 lib.
771 4120 822 4166 4.
853 4115 920 4165 ad
945 4116 1268 4168 Herennium
1285 4118 1468 4169 eadem
1487 4134 1621 4172 voce

558 4189 744 4254 utitur,
781 4189 850 4241 ad
873 4198 1009 4242 extr.
1049 4192 1141 4257 ibi,
1163 4194 1180 4223 ⁴
1203 4193 1446 4245 Percutit
1486 4200 1617 4244 tem-

558 4283 655 4338 pus
675 4269 709 4322 :⁹
737 4277 794 4323 et
805 4271 945 4337 apud
961 4270 1148 4338 virgil.
1173 4278 1221 4327 0.
1235 4277 1350 4328 418.
1368 4274 1386 4304 ⁸
1405 4276 1449 4326 it
1467 4274 1616 4325 basta

1249 414 1465 468 ⁸0⁹1·AE
1506 407 1916 475 „vamonmt
1965 408 2047 460 m

1678 520 1827 587 Tago
1851 535 1944 586 per
1963 527 2167 589 tempus
2187 515 2504 584 utrumque?
2538 515 2631 568 sed
2673 514 2733 566 li-

1677 599 1785 650 bris
1828 599 2064 649 omnibus
2109 596 2536 660 reclamantibus,
2580 598 2737 659 pectas

1677 675 1954 740 legendum
2009 674 2255 725 arbitror.
2346 675 2484 725 Nam
2541 670 2742 723 etiamsi

1676 756 1858 817 tempus
1894 752 2146 817 scriptum
2168 757 2306 801 esset
2327 766 2357 800 a
2380 750 2627 800 Lucretio
2648 762 2742 812 pro

1676 829 1870 893 capite,
1911 836 2080 880 tamen
2124 842 2192 878 ne
2231 828 2332 877 boc
2366 826 2581 892 quidem
2615 823 2743 875 ferri

1676 911 1873 971 posset.
1939 905 2134 955 Pectus
2154 905 2427 966 enim,non
2461 909 2642 966 caput,
2676 914 2744 949 ex

1677 983 1903 1031 omnium
1921 980 2340 1046 philosophorum
2353 978 2616 1029 sententia
2629 991 2746 1043 per·

1679 1057 2027 1108 turbationum
2056 1055 2208 1107 sedes
2242 1062 2341 1107 est.
2406 1055 2552 1108 Quin
2593 1054 2748 1105 ratio-

1677 1149 1793 1185 nem
1817 1135 1982 1200 ipsam
2009 1133 2268 1198 Epicurus
2303 1132 2357 1181 iu
2386 1138 2624 1196 pectore,
2643 1143 2746 1180 non

1677 1211 1731 1262 in
1753 1212 1929 1276 capite
1967 1211 2200 1262 coiiocat.
2264 1209 2354 1260 Sic
2375 1208 2517 1259 enim
2541 1206 2746 1258 Lucret-

1678 1288 1777 1338 boc
1795 1289 1978 1337 eodem
1999 1287 2132 1338 libro
2153 1283 2324 1336 infra:
2355 1288 2476 1335 280.
2508 1287 2526 1313 ⁸
2548 1283 2745 1333 Tamen

1679 1378 1791 1415 esse
1806 1362 1860 1413 in
1880 1370 2094 1429 pectore
2108 1368 2289 1412 nostro
2311 1358 2748 1426 Quiddam‚quod

1681 1449 1865 1493 contra
1906 1454 2159 1506 pugnare,
2190 1437 2508 1503 obstareque
2550 1434 2751 1501 possit?

1681 1524 1738 1568 et
1760 1521 1810 1567 ³.
1836 1520 1947 1567 1⁴0.
1983 1518 2000 1545 ‘
2018 1516 2321 1577 Consilium,
2341 1513 2485 1579 quod
2521 1527 2616 1563 nos
2644 1512 2749 1562 ani·

1682 1608 1820 1644 mum
1865 1600 2198 1658 mentemque
2239 1604 2524 1641 vocamusz
2579 1589 2749 1654 quue

1683 1672 1838 1722 situm
1861 1671 2030 1721 media
2051 1670 2261 1736 regione
2283 1671 2337 1720 in
2367 1669 2606 1735 pectoris
2648 1669 2750 1719 bt·

1684 1756 1782 1800 ret.
1859 1748 1965 1799 Hic
2004 1749 2231 1798 exsultat
2276 1747 2414 1798 enim
2455 1760 2650 1811 pavor,
2694 1754 2751 1796 et

1683 1823 1890 1888 metus,²
1912 1827 2013 1875 acc.
2050 1831 2106 1875 et
2129 1823 2247 1875 eod.
2283 1822 2377 1873 lib.
2396 1825 2517 1873 615.
2551 1820 2571 1850 ‘
2587 1822 2749 1873 Deni-

1687 1914 1784 1966 que
1804 1914 1900 1950 cur
1921 1900 2079 1951 animi
2118 1914 2392 1965 numquam
2429 1913 2603 1963 meus,
2630 1913 2748 1950 con-

1684 1977 1956 2042 siliumque
1978 1976 2226 2041 Gignitur
2246 1977 2298 2026 in
2319 1974 2546 2041 capite?
2581 1976 2752 2030 Im.

1684 2054 1803 2104 Tam
1853 2068 2049 2104 naam
2089 2057 2287 2119 tenpus.
2374 2051 2616 2118 Antique
2663 2066 2751 2118 pro

1682 2136 1920 2194 tempora
1938 2143 2032 2180 seu
2069 2136 2244 2193 caput.
2295 2127 2580 2180 Lambinus
2601 2145 2619 2179 x
2650 2144 2753 2194 pee-

1682 2209 1780 2267 ω,
1801 2212 1989 2254 contra
2009 2218 2189 2255 omues
2225 2201 2404 2254 libros.
2452 2203 2567 2265 Gif.
2637 2204 2750 2255 Lia-

1682 2284 1846 2344 φημί.
1901 2279 2123 2333 Quidam
2164 2286 2312 2329 vetus
2334 2295 2482 2330 meus
2504 2296 2520 2328 ε
2558 2281 2750 2346 linquit.

1681 2356 1867 2407 Idem:
1908 2357 2234 2407 mennam
2250 2362 2436 2423 pectas.
2477 2358 2620 2410 Haec
2645 2359 2747 2410 lec·

1686 2433 1762 2485 tio
1785 2433 2019 2485 Lambini
2042 2440 2141 2500 est,
2163 2447 2280 2484 cum
2295 2433 2414 2485 libri
2431 2449 2617 2487 omnes
2635 2449 2752 2487 cou-

1686 2518 1889 2562 stanter
1911 2510 2140 2561 babeant
2178 2516 2387 2576 tempas,
2423 2510 2566 2577 quod
2603 2511 2751 2561 Gita-

1683 2588 1799 2638 nius
1842 2594 1899 2638 et
1941 2588 2219 2639 Lambinus
2263 2589 2376 2653 ipse
2419 2603 2519 2654 pro
2560 2590 2757 2654 capite,

1686 2663 1828 2729 (nam
1864 2672 2068 2730 tempus
2106 2665 2158 2715 in
2196 2665 2446 2730 singulari
2488 2665 2755 2732 κρσωφοὸς

1688 2743 1965 2808 significat,
1998 2746 2076 2794 nti
2110 2759 2176 2795 ex
2197 2744 2441 2809 Virgilio,
2461 2745 2678 2798 Catuiio
2700 2753 2754 2797 et

1687 2821 1800 2869 aliis
1836 2826 2037 2871 certum
2073 2818 2199 2886 est‚)
2240 2821 2372 2872 sumi
2406 2822 2716 2873 existimant
2738 2839 2754 2872 ι

1687 2910 1804 2948 mea
1843 2898 2105 2950 sententia
2143 2899 2384 2963 pessime.
2452 2897 2753 2964 ‘Tempus’

1688 2976 1823 3026 enim
1851 2976 1951 3027 boc
1984 2978 2101 3029 ioco
2144 2980 2253 3029 vita
2287 2967 2384 3039 est,
2421 2979 2565 3044 qnod
2603 2978 2753 3030 facile

1686 3054 2105 3107 animadvertere
2138 3064 2423 3122 poterantt
2482 3070 2572 3106 res
2621 3055 2756 3106 enim

1688 3130 1840 3194 plana
1861 3139 1964 3182 est.
1997 3132 2122 3182 Fufi.
2192 3133 2396 3197 Tempu
2445 3131 2618 3184 Codd.
2657 3133 2752 3183 Ca-

1689 3213 1807 3270 put,
1831 3207 1872 3258 si
1913 3208 2235 3269 Lambinum,
2252 3218 2343 3260 aut
2367 3207 2645 3260 Gifanium
2665 3223 2753 3260 aa·

1687 3283 1906 3348 diamus,
1924 3286 2084 3335 vitam
2108 3286 2149 3335 si
2171 3284 2417 3335 Fabrum.
2456 3285 2660 3336 Creech.

1752 3366 1819 3412 46
1843 3362 2037 3419 Quodsi
2052 3362 2254 3412 ridicula
2271 3359 2393 3425 haec]
2411 3357 2570 3414 Quod
2587 3364 2630 3413 si
2645 3364 2755 3413 bac

1690 3440 1884 3503 omnia,
1900 3453 2089 3504 nempe
2126 3452 2305 3504 gazas,
2334 3438 2554 3501 gloriam
2579 3438 2748 3505 regui,

1693 3516 1947 3581 legiones,
1971 3516 2189 3567 ridicula
2210 3529 2326 3565 esse
2345 3514 2603 3579 videmus,
2624 3523 2682 3565 et
2709 3516 2752 3564 d
2805 3574 2824 3587 ·

1690 3606 1875 3642 revera
1908 3598 2074 3642 metus
2110 3597 2165 3641 et
2196 3604 2335 3641 curae
2369 3604 2475 3640 nou
2508 3596 2752 3641 metuunt

1689 3682 1947 3719 armorum
1971 3668 2191 3730 sonitus,
2211 3671 2313 3718 &tu
2361 3666 2535 3717 lamb.
2619 3666 2751 3717 Cum

1691 3759 1862 3811 reges,
1899 3746 2120 3806 nobiles,
2139 3741 2380 3794 ditissimi
2403 3747 2463 3791 et
2493 3742 2752 3806 potentis·

1693 3821 1811 3869 simi
1851 3820 2109 3870 bominum
2147 3824 2311 3881 metu,
2339 3830 2486 3880 cura,
2520 3817 2751 3868 solicitu-

1692 3894 1814 3946 dine
1840 3896 2138 3959 turbentur,
2151 3909 2250 3945 nec
2268 3893 2582 3957 beatiorem,
2599 3906 2750 3960 quam

1693 3971 1801 4035 aiii,
1826 3972 1986 4023 vitam
2026 3979 2214 4035 agaut3
2253 3970 2527 4035 bonorum,
2546 3970 2750 4022 divitia·

1694 4061 1828 4112 rum,
1848 4051 1947 4100 etc.
1980 4048 2322 4113 cupiditatem
2364 4062 2432 4098 ex
2461 4047 2753 4111 ignorantia

1693 4137 1833 4175 νει-ω
1872 4123 2157 4176 felicitatis
2182 4124 2326 4174 nasci
2366 4137 2471 4174 vss.
2506 4128 2586 4173 15.
2630 4137 2750 4188 pro·

1690 4200 1899 4251 nuntiat
1918 4219 1931 4250 ε
1956 4215 2054 4252 nec
2070 4199 2254 4251 mirum
2274 4207 2379 4249 tam
2397 4213 2621 4250 crassam
2635 4211 2750 4249 esee

1687 4275 1703 4325 i
1710 4277 2171 4344 gnorantiam,cnm
2182 4289 2358 4327 omues
2370 4276 2536 4328 veluti
2546 4277 2596 4326 in
2608 4282 2750 4326 tene·
