3009 4925
459 453 528 501 T.
580 450 942 502 Lucnss'ru
989 448 1171 498 CARI
1219 447 1316 497 DE
1370 445 1629 505 RERUM
1680 448 1855 496 NA'r.
1908 450 2048 496 mu.
2097 450 2212 496 111.
2298 420 2477 500 1319

272 596 301 610 '‘
337 603 471 650 1030
517 595 703 662 Robur]
752 596 996 648 ‘Rebus’
1035 597 1119 660 (nt
1178 592 1336 644 docet

274 676 492 741 Festus)
537 675 762 725 ‘dicitur
799 676 843 724 is
877 676 1164 738 iocus,qno
1203 686 1335 736 prac-¹

277 757 534 820 cipitatur
571 752 924 807 maleficorum
979 766 1162 816 genus,
1199 750 1338 815 quod

275 840 406 884 ante
445 832 580 883 arcis
624 831 888 880 robusteis
928 824 1337 879 includebatur!

277 911 359 959 Ex
384 909 575 974 quibus
595 906 740 958 Festi
772 905 952 955 verbis
986 904 1232 969 putabam
1257 904 1339 954 iiic

276 984 555 1050 legendum
584 983 741 1034 robus.
806 982 906 1032 Sed
930 981 1155 1033 fortasse
1182 982 1338 1031 tutius

276 1070 362 1113 est
382 1072 478 1128 per
497 1061 951 1125 robarinteliigere
974 1061 1248 1125 equuleum
1273 1074 1339 1109 ex

276 1138 486 1202 robore,
506 1139 560 1188 in
581 1152 686 1204 quo
718 1145 893 1189 sontes
916 1138 1202 1187 insidentes
1222 1152 1342 1187 cru·

283 1216 595 1267 eiabautnr:
632 1215 718 1266 vei
739 1216 936 1279 lignum
960 1210 1018 1264 et
1044 1212 1237 1264 fustem
1274 1228 1339 1264 ex

279 1293 494 1357 robore,
534 1308 638 1357 quo
683 1293 1051 1343 tundebantur.
1139 1291 1344 1342 Auctor

280 1370 602 1421 vocabularii
625 1369 976 1433 htinograeci
1000 1369 1342 1431 manuscript.

279 1447 467 1499 Robur
486 1447 709 1513 (inquit)
739 1444 858 1497 «nos
877 1446 1021 1510 ξύλον
1047 1442 1202 1508 μέλαν
1222 1442 1344 1508 δρυΐ-

283 1542 384 1577 νου.
415 1523 583 1575 anb.
633 1525 717 1575 Ita
736 1532 941 1574 veteres
965 1523 1102 1583 libri,
1124 1529 1182 1572 et
1207 1523 1344 1586 vulg.

289 1604 467 1665 Giton.
531 1601 695 1655 Varia
715 1604 1090 1651 tormentorum
1112 1612 1308 1663 genera
1329 1614 1344 1656 ;

278 1683 296 1710 ⁴
317 1682 398 1731 De
437 1679 622 1731 robore
652 1678 972 1743 precipitati
1013 1674 1195 1727 suntz’
1225 1676 1345 1727 Vai.

283 1756 442 1807 Max..
458 1760 509 1807 6.
533 1760 583 1806 3.
633 1757 649 1785 ‘
669 1756 803 1822 Atra
827 1755 914 1819 pix
941 1765 994 1804 te
1017 1754 1182 1820 agitet
1206 1752 1345 1816 apud

291 1832 610 1895 carnificem,
652 1840 708 1882 et
754 1831 916 1896 capiti
976 1837 1066 1881 tuo
1105 1830 1351 1880 iiiuceat.’

289 1910 512 1961 Plautus
553 1910 610 1959 in
650 1910 805 1973 Capt.
828 1914 876 1960 3.
913 1913 963 1958 4.
996 1912 1078 1958 66.
1110 1908 1349 1957 Laminas

288 1993 461 2037 autem
486 1987 754 2050 ardentes,
771 1995 825 2037 et
842 1985 992 2036 tedas
1010 1986 1125 2051 qnis
1141 1985 1311 2035 nescit
1331 1986 1351 2034 ἓ

297 2066 491 2116 Creecls.
560 2066 645 2114 Dc
665 2064 879 2128 singuiis
899 2063 1042 2113 hisce
1075 2061 1186 2112 fuse
1209 2060 1353 2112 vide-

290 2144 337 2192 ri
381 2147 557 2206 potest
593 2140 845 2191 Brodaeus
883 2141 934 2189 in
972 2139 1126 2189 Misc.
1169 2139 1262 2188 iib.
1302 2142 1352 2187 2.

295 2234 415 2284 cap.
440 2222 519 2268 10.
542 2217 694 2268 Tom-
717 2222 767 2269 2.
786 2218 912 2267 Fac.
939 2217 1069 2266 Crit.
1097 2229 1216 2280 pag.
1233 2219 1348 2264 475.

295 2293 558 2345 Adductis
601 2300 773 2356 antem
819 2290 884 2343 ab
923 2307 987 2343 eo
1041 2291 1168 2341 locis
1213 2289 1353 2340 adde

299 2373 424 2421 Tae.
447 2369 748 2423 Amat-29.
807 2372 823 2398 ‘
852 2371 913 2420 In
935 2377 1139 2434 patrem
1163 2384 1227 2418 ex
1253 2382 1360 2418 ser-

303 2448 384 2500 vis
415 2447 712 2513 quaesitum.
779 2449 850 2498 Et
887 2447 1105 2511 quaestio
1139 2445 1360 2495 adversa

301 2529 598 2580 accusatori
618 2525 736 2579 fuit.
799 2527 902 2578 Qui
936 2527 1136 2576 sceiere
1159 2539 1360 2587 vecors,

302 2605 456 2656 simui
495 2606 638 2670 vulgi
678 2618 879 2654 rumore
915 2602 1148 2664 territus,
1186 2601 1361 2662 robur,

303 2689 396 2734 ant
413 2696 612 2744 saxum,
641 2687 735 2731 ant
776 2678 1145 2743 parricidarum
1185 2690 1363 2741 poenas

303 2758 676 2820 minitantium,
694 2756 856 2807 cessit
886 2754 1051 2806 urbe.¹
1116 2754 1222 2804 Ubi
1246 2754 1362 2804 vide

307 2836 564 2901 Lipsinm.
597 2834 769 2896 Preig.

370 2912 497 2976 Pix]
516 2911 644 2962 Pice
663 2910 903 2960 fervente
918 2907 1084 2959 infusa
1101 2909 1220 2960 olim
1241 2923 1368 2975 qno-

313 2990 531 3041 rundam
563 2986 915 3040 maleficorum
954 2987 1219 3037 hominum
1258 3000 1372 3037 cor-

309 3083 437 3133 pora
471 3066 771 3117 urebantur.
838 3064 1017 3115 Plaut.
1057 3064 1213 3128 Capt.
1247 3068 1295 3114 3.
1318 3068 1371 3114 4.

308 3150 392 3196 66.
453 3145 471 3212 <⁸
501 3144 630 3195 Atra
653 3143 741 3207 pix
768 3150 820 3192 te
844 3142 1012 3205 agitet
1044 3140 1182 3203 apud
1207 3142 1372 3189 carni·

309 3220 485 3282 tieem,
502 3235 563 3270 ac
587 3227 677 3269 tuo
700 3219 864 3283 capiti
886 3216 1134 3267 inuocat-⁸
1167 3215 1341 3265 Lamb.

377 3297 604 3361 hmine]
629 3297 837 3347 Lamina
857 3294 1107 3346 candens.
1143 3292 1276 3342 Hor.
1305 3293 1374 3340 E·

315 3377 441 3441 pist.
465 3375 530 3426 ad
549 3375 766 3424 Vaslam
790 3379 836 3423 1.
857 3378 938 3424 16.
959 3375 1042 3422 36.
1102 3374 1119 3400 ⁴
1140 3369 1375 3428 Scilicet,

315 3460 376 3504 ut
396 3457 605 3501 ventres
626 3452 800 3500 inmun
832 3449 1092 3499 candente
1127 3454 1374 3511 nepotum

317 3530 545 3581 Diceret
562 3526 815 3578 urendos-³
849 3526 929 3577 M.
962 3525 1095 3576 Tuli.
1130 3526 1287 3574 Verr.
1311 3523 1379 3573 de

319 3605 625 3670 suppliciis:
681 3603 855 3658 ‘Quid
887 3617 1006 3653 cnm
1049 3603 1215 3667 ignes,
1258 3614 1379 3650 can·

321 3683 607 3747 dentesque
630 3682 856 3742 lamina,
890 3679 1158 3744 ceterique
1181 3678 1382 3728 crucia-

325 3765 410 3812 tus
443 3755 913 3810 admovebantur?
955 3756 1123 3806 Lamb.
1347 3759 1362 3767 '

393 3835 570 3899 Toedae]
608 3836 768 3884 Faces
785 3833 1048 3896 ardentes,
1068 3847 1182 3896 quae
1205 3831 1386 3894 oculis,

325 3913 544 3978 aliisque
583 3913 808 3961 sontium
868 3910 1101 3974 partibus
1144 3908 1384 3971 admotae,

325 4004 416 4040 eos
440 3989 679 4038 miserum
726 3988 779 4035 in
817 3984 1021 4036 modum
1057 3984 1383 4033 cruciabant.

325 4066 462 4132 quod
479 4065 726 4129 supplicii
750 4078 909 4127 genus
938 4068 1307 4111 commemorat
1331 4066 1388 4109 et

328 4143 482 4192 Pisto
522 4141 751 4205 Gorgia:
823 4139 924 4188 Κᾶν
955 4140 1121 4188 ἀδικῶν
1156 4134 1386 4200 ἄνθρωπος

327 4221 489 4285 ληφθῇ
501 4217 729 4283 τυραννίδι
751 4215 1079 4280 ἐπιβουλεύων,
1095 4213 1172 4264 καὶ
1193 4214 1390 4278 ληφθεὶς

329 4299 647 4362 «svmmvm,
669 4297 746 4345 καὶ
762 4294 1059 4360 (mim-rat,
1078 4295 1158 4345 urai
1176 4294 1286 4346 τοὺς
1304 4294 1394 4357 ‹34›-

332 4373 538 4438 θαλμοὺς
557 4367 798 4438 dummoc,
818 4375 918 4424 διο.
941 4374 977 4423 i.
998 4387 1047 4422 e.
1082 4375 1098 4403 ‘
1119 4374 1188 4423 Et
1210 4374 1250 4422 si
1277 4373 1391 4438 quis

1412 595 1498 660 qui
1521 594 1715 659 injuste
1734 594 1912 658 faciat,
1933 603 1987 646 et
2015 595 2274 661 tyrannidi
2295 590 2471 646 insidi-

1412 679 1552 733 etur,
1586 681 1770 736 captns
1803 672 1890 733 sit,
1925 681 1981 723 et
2013 682 2198 738 captus
2235 679 2473 738 torquea-

1415 757 1519 807 tur,
1543 756 1598 798 et
1620 760 1943 812 exsecretur,
1967 758 2022 800 et
2041 751 2084 800 si
2110 752 2159 799 ei
2183 751 2320 801 oculi
2344 750 2473 800 deu-

1413 825 1632 888 rantur‚'
1655 830 1753 876 &c.
1785 828 1952 877 Lumb.

1479 907 1609 953 1032
1644 903 1988 967 Praemetnens]
2024 903 2165 954 Ante
2210 918 2363 969 quam
2404 903 2474 952 sit

1418 978 1714 1043 damnatus,
1756 982 1846 1028 aut
1891 987 2182 1043 accusatus,
2224 984 2475 1030 metuens.

1415 1056 1585 1106 Lamb.

1483 1138 1613 1185 1036
1648 1134 1782 1183 Hinc
1803 1132 2088 1196 Acherusia]
2127 1134 2206 1183 Ex
2242 1135 2344 1184 hoc
2375 1134 2477 1198 (in-

1418 1211 1558 1277 quit)
1579 1213 1852 1262 stultorum
1881 1213 1991 1261 vita
2006 1211 2068 1260 fit
2090 1211 2264 1273 anxia,
2288 1210 2475 1260 sollici·

1421 1299 1496 1352 ta,
1529 1305 1837 1353 aerumnosa,
1873 1289 2108 1340 omnibus
2149 1288 2337 1337 deinde
2370 1304 2480 1352 poe-

1419 1369 1497 1417 nis
1538 1375 1593 1418 et
1626 1368 1941 1420 cruciatibus
1974 1366 2191 1429 referta,
2224 1367 2298 1415 ita
2322 1375 2382 1417 ut
2405 1368 2480 1415 vi-

1421 1445 1645 1495 deantur
1665 1447 1766 1496 vivi
1788 1460 1874 1495 eas
1900 1459 2080 1509 poenas
2099 1443 2348 1508 perferre,
2372 1444 2483 1508 qui·

1420 1522 1517 1572 bns
1540 1522 1812 1585 Teutalus,
1834 1531 1888 1571 ct
1906 1521 2171 1584 Sisyphus,
2193 1526 2248 1569 et
2270 1521 2478 1582 Tityus,

1422 1606 1478 1649 et
1499 1599 1787 1661 Danaides,
1803 1601 1900 1648 διο.
1935 1596 2069 1646 affici
2103 1595 2240 1663 apud
2268 1594 2478 1646 Inferos

1424 1683 1696 1741 putantur.
1733 1674 1898 1724 Lamo.

1489 1754 1617 1805 108⁷
1656 1751 1766 1800 Hoc
1797 1751 1944 1800 etium
1965 1749 2054 1798 tibi
2076 1748 2200 1813 tute]
2233 1747 2484 1796 Praescri-

1428 1828 1507 1878 bit
1549 1828 1633 1877 hic
1685 1826 1944 1893 quaedam,
2002 1841 2117 1891 quse
2173 1838 2487 1889 magnopere

1427 1907 1605 1955 valent
1630 1903 1694 1953 ad
1719 1912 1938 1953 mortem
1960 1916 2108 1967 ecquo
2125 1901 2293 1951 animo
2316 1898 2487 1948 feren-

1428 1985 1567 2047 dam,
1584 1998 1697 2032 cum
1714 1980 2069 2042 recordemur,
2087 1981 2224 2029 viros
2243 1985 2491 2042 praestan-

1430 2063 1672 2124 tissimos‚
1693 2059 2091 2124 potentissimos,
2106 2062 2161 2106 et
2182 2054 2491 2106 clarissimos

1431 2139 1616 2189 eadem
1661 2136 1958 2187 conditione
2004 2149 2122 2184 usos
2158 2148 2289 2182 esse.
2323 2130 2489 2181 Lamb.

1431 2218 1659 2268 Demum
1704 2230 1808 2264 vss.
1847 2219 1932 2264 20.
1980 2213 2162 2275 vulgus
2213 2209 2493 2269 bominum,

1431 2308 1700 2345 numerum
1740 2293 1918 2354 istum,
1962 2300 2019 2341 ut
2056 2288 2291 2355 loquitur
2328 2285 2493 2334 Hora-

1434 2373 1553 2435 tius,
1578 2378 1632 2421 et
1664 2370 1838 2435 fruges
1873 2379 2180 2417 consumere
2220 2369 2396 2412 natum
2421 2361 2498 2409 in-

1436 2456 1640 2513 crepat.
1709 2446 1847 2499 Quid
1869 2445 2005 2494 enim
2041 2444 2129 2492 isti
2152 2440 2249 2490 sibi
2275 2439 2495 2503 aliisque

1437 2536 1649 2587 prorsus
1674 2522 1884 2571 inutiles
1918 2518 2321 2580 indignarentur
2332 2529 2389 2563 se
2414 2515 2499 2563 iis-

1439 2600 1556 2649 dem
1585 2598 1786 2663 legibus
1816 2594 2142 2646 necessitatis
2168 2591 2369 2656 subjici,
2393 2591 2503 2654 qui-

1443 2676 1540 2725 bus
1578 2674 1788 2724 maximi
1814 2667 2503 2736 imperatores‚aeonditores

1443 2753 1614 2815 legum
1674 2757 1835 2814 atque
1892 2746 2113 2808 urbium,
2167 2743 2503 2794 scientiarum

1446 2828 1691 2877 authores
1716 2834 1772 2876 et
1808 2823 2016 2888 ingenio
2040 2820 2340 2884 artibusque
2364 2818 2506 2867 iilus-

1447 2911 1555 2954 tres
1577 2899 1673 2952 viri
1708 2903 1820 2967 jam
1855 2906 2118 2962 tenentur,
2140 2904 2197 2948 et
2218 2896 2340 2946 oiim
2363 2902 2507 2945 tene·

1448 2979 1669 3030 bantur:
1705 2977 1941 3028 deterior
1974 2975 2133 3025 debet
2172 2987 2286 3023 esse
2328 2985 2507 3021 eorum

1448 3058 1701 3120 conditio,
1735 3065 1790 3106 et
1814 3063 1988 3106 tamen
2028 3055 2094 3105 de
2117 3067 2263 3118 aequa
2285 3064 2508 3116 querun-

1452 3144 1539 3186 tur
1563 3133 1880 3184 immodesti!
1907 3131 2086 3180 Ancus
2098 3130 2342 3187 Martius,
2357 3121 2509 3190 quar‘·

1451 3221 1536 3262 tus
1558 3212 1901 3261 Romanorum
1926 3208 2062 3268 Rex,
2094 3218 2195 3253 vss.
2213 3208 2262 3253 ⁵.
2305 3202 2510 3251 Xerxes

1451 3288 1543 3337 iiie
1566 3288 1844 3336 Persarum
1869 3285 2153 3346 imperator
2177 3294 2277 3329 vss.
2300 3283 2351 3327 5.
2404 3275 2516 3325 Sci·

1453 3366 1542 3430 pio
1581 3362 1859 3412 Africanus
1894 3374 1994 3408 vos.
2030 3363 2080 3409 2.
2111 3357 2230 3406 oiim
2254 3354 2514 3404 obierunt.

1453 3440 1639 3492 Poeta
1663 3453 1857 3501 omnes,
1875 3445 1931 3486 et
1954 3448 2131 3484 eorum
2155 3439 2305 3496 pater
2327 3429 2517 3479 Home·

1455 3533 1543 3569 rus
1568 3532 1670 3566 vss.
1694 3520 1745 3566 3.
1815 3512 2153 3563 Democritus
2170 3506 2395 3571 deniqne
2412 3520 2513 3554 vss.

1455 3601 1505 3647 3.
1537 3601 1695 3659 atque
1720 3592 1976 3656 Epicurus
2022 3585 2236 3651 reliquis
2280 3581 2517 3633 omuibus

1457 3669 1791 3738 prestantior
1806 3664 2141 3730 philosophus
2170 3659 2392 3719 interiit,
2415 3671 2518 3707 vss.

1458 3754 1508 3800 3.
1576 3745 1679 3796 Abi
1704 3744 1863 3809 igitur
1891 3748 1970 3803 tu,
2004 3738 2299 3804 quicunque
2323 3749 2398 3797 es,
2420 3747 2518 3783 uec

1460 3828 1680 3893 deplora
1729 3824 1881 3872 istam
1931 3823 2147 3877 sortem,
2191 3827 2343 3879 qnam
2391 3811 2524 3860 tales

1461 3905 1698 3969 tantique
1733 3900 1849 3962 viri,
1876 3894 2144 3961 praecipue
2184 3889 2520 3942 Democritus

1461 3992 1516 4033 et
1536 3981 1816 4044 Epicurus,
1838 3973 1950 4023 iaeti
1968 3972 2256 4021 subierunt.
2290 3966 2487 4018 Creech.

1530 4061 1656 4108 1038
1680 4053 1884 4105 Lumina
1905 4051 1973 4099 sis
1995 4049 2136 4099 oculu
2155 4045 2323 4108 etiam]
2337 4045 2426 4095 Sic
2444 4056 2527 4092 re·

1464 4133 1614 4185 stitui
1647 4146 1713 4181 ex
1753 4128 2065 4179 auctoritate
2089 4131 2333 4192 quattuor
2367 4119 2524 4169 libro-

1465 4227 1577 4263 rum
1597 4208 2078 4272 manuscriptorum.
2096 4201 2200 4251 ‘sis'
2211 4204 2381 4247 autem
2396 4195 2527 4244 anti-

1466 4303 1621 4357 quum
1643 4302 1737 4350 pro
1750 4284 1884 4334 suis:
1910 4275 2337 4346 quemadmodum
2361 4275 2376 4300 ⁸
2399 4271 2530 4319 sum'

1471 4382 1568 4434 pro
1610 4379 1727 4416 eum
1755 4361 1923 4426 posuit
1949 4356 2145 4410 Ennius
2167 4353 2257 4402 lib.
2281 4355 2326 4400 1.
2353 4365 2406 4413 p.
2441 4352 2527 4398 45.
