3009 4925
509 439 581 490 ι’.
634 434 995 490 nuceam
1039 437 1219 490 cam
1268 440 1367 490 ns
1412 437 1682 491 annun
1732 441 1910 492 ιιΑτ.
1953 442 2100 493 mn.
2145 444 2226 494 ιι.
2306 429 2479 500 1158

272 584 541 638 nemen·
565 584 735 636 auimo
750 585 1028 651 complecti
1049 597 1217 650 poue,
1242 586 1343 635 erc.

276 662 482 722 idedun
503 661 652 711 cadmi
672 661 710 710 i.
743 675 791 711 e.
828 661 985 716 anirui
1009 661 1242 725 adjectio
1273 661 1342 711 ad

278 728 396 788 rem
430 737 674 802 aliquam,
706 744 764 795 et
799 735 1071 802 cogitatio.
1135 736 1224 797 Sic
1264 736 1341 785 M.

274 815 416 866 ml.
435 815 452 843 ‘
468 815 684 880 injicere
702 814 942 866 animun'
954 813 1193 865 dixi-tlib.
1208 818 1256 864 1.
1272 812 1341 864 de

280 893 356 944 N.
379 893 541 946 Deor.
597 892 693 942 ‘Iu
736 906 888 957 quem
927 890 1339 956 magnitudinem

279 968 551 1033 regionum
584 983 640 1019 se
670 968 907 1034 injiciens
940 968 1159 1030 animus,
1186 975 1242 1019 et
1265 969 1341 1019 iu·

278 1044 525 1107 tendens,
544 1046 621 1095 ita
639 1047 745 1097 late
766 1046 1025 1112 longeque
1045 1045 1340 1110 peregrina-

277 1130 390 1185 tur,
434 1129 494 1172 ut
530 1123 725 1174 nullam
773 1129 948 1175 tamen
991 1137 1133 1173 oram
1172 1122 1340 1176 ultimi

276 1198 495 1250 videat!
576 1200 665 1251 Sic
707 1198 973 1250 Aruobins
1016 1199 1151 1250 dixit
1188 1202 1340 1249 ‘ocu-

272 1277 443 1327 lorum
460 1276 750 1341 injectum‚’
774 1276 867 1328 lib.
894 1280 941 1327 1.
962 1292 1067 1326 non
1100 1278 1253 1341 longe
1272 1275 1340 1328 ab

271 1363 416 1408 extr.
452 1357 470 1385 ‘
489 1356 643 1409 Quod
658 1357 937 1408 oculorum'
961 1354 1179 1424 (inquit)
1197 1358 1214 1386 ‘
1232 1371 1338 1406 sus-

272 1431 483 1496 ciperet
504 1432 748 1497 injectum
768 1431 804 1482 :'
827 1440 882 1483 et
898 1434 1079 1483 eodem
1096 1432 1248 1496 libro,
1261 1432 1336 1482 in-

270 1509 373 1574 fra,
427 1513 444 1540 ⁴
453 1509 828 1575 jaculationem
883 1509 1104 1562 mentis.’
1164 1510 1335 1562 Lamo.

269 1588 288 1613 ⁴
307 1587 481 1638 Animi
525 1586 764 1652 injectus·
808 1594 892 1638 est
924 1587 1335 1652 comprehensio.

267 1664 467 1716 Sensus
492 1662 671 1729 itaque
694 1663 966 1714 verborum
987 1664 1071 1715 hic
1107 1664 1243 1714 erit:
1276 1665 1333 1716 Si

268 1754 431 1805 negas
475 1755 628 1804 posse
670 1740 877 1805 concipi
922 1740 1176 1805 ejusmodi
1219 1757 1332 1792 cor-

269 1833 408 1881 pora
425 1817 538 1867 sine
580 1817 716 1868 omni
752 1818 949 1879 colore,
983 1819 1211 1881 falleris3
1245 1833 1333 1869 ue-

267 1911 375 1963 que
418 1897 553 1946 enim
598 1895 664 1946 ad
705 1898 1054 1962 coguitionem
1099 1901 1333 1963 corporis

265 1975 588 2025 necessarius
631 1983 715 2025 est
758 1975 932 2038 color3
980 1991 1095 2025 cum
1136 1977 1191 2039 ii,
1242 1977 1330 2041 qui

264 2052 397 2103 cneci
433 2053 543 2102 nati
588 2059 728 2113 aunt,
769 2067 955 2118 corpus
992 2063 1329 2119 cognoscant,

264 2144 364 2198 per
380 2129 506 2180 alias
523 2129 803 2194 qualitates
819 2132 1050 2194 scilicet3
1084 2133 1328 2198 colorem,

262 2205 452 2270 frigus,
496 2206 717 2270 pondus,
772 2206 1005 2272 figuram,
1052 2212 1151 2260 &c.
1204 2211 1325 2262 Fae».

258 2283 441 2335 Sensit
462 2283 731 2333 Lucretius
755 2299 812 2334 se
834 2285 1011 2334 multis
1045 2300 1180 2347 mgre
1206 2299 1324 2351 per-

258 2373 531 2412 suasurum
552 2358 710 2411 fuisse
734 2363 902 2412 nuutios
920 2377 1032 2413 esse
1050 2363 1102 2413 iu
1118 2365 1324 2414 semini-

260 2437 457 2499 bus,et
477 2436 696 2503 proinde
731 2451 899 2504 neque
939 2438 991 2489 iu
1029 2439 1152 2504 ipsis
1187 2454 1323 2491 com·

260 2515 467 2581 positis,
529 2517 742 2566 colores.
807 2516 1129 2579 praeJudiciis
1181 2518 1320 2568 euim

260 2591 467 2656 penitus
489 2590 814 2654 obedientes,
832 2591 982 2656 pauci
1005 2592 1227 2643 credunt
1262 2609 1322 2644 se

258 2668 460 2733 aliquid
498 2682 806 2732 corporeum
837 2683 987 2732 posse
1022 2670 1323 2735 concipere,

259 2745 401 2810 quod
425 2758 528 2794 non
557 2745 628 2795 sit
650 2746 967 2807 coloretum;
1004 2745 1223 2812 ideoque
1245 2761 1322 2796 se·

256 2820 418 2884 mina,
453 2834 568 2883 qnae
607 2828 782 2871 mente
820 2820 1022 2884 percipi
1059 2835 1161 2871 non
1201 2837 1320 2885 pos·

256 2901 398 2961 aunt,
441 2903 628 2960 utpote
683 2898 868 2947 coloris
913 2898 1170 2962 expertia,
1221 2899 1320 2950 sibi

256 2973 470 3027 obtrudi
516 2988 618 3023 uon
662 2970 857 3024 ferunt.
925 2974 1085 3025 Hisce
1128 2976 1319 3041 praeju-

255 3050 406 3103 diciis
424 3066 527 3103 vas.
547 3055 596 3100 9.
615 3049 843 3103 breviter
863 3054 1109 3104 occurrit.
1173 3054 1315 3105 Caeci

254 3142 340 3177 res
365 3128 684 3193 percipiunt,
724 3143 936 3192 quarum
973 3134 1146 3179 tamen
1180 3130 1317 3181 colo-

253 3217 338 3253 res
361 3218 621 3271 nunquam
649 3203 907 3266 viderint3
932 3221 1026 3256 uec
1048 3207 1214 3256 omnia
1237 3221 1316 3257 re-

254 3292 370 3330 rum
394 3281 666 3346 perceptio
690 3294 791 3332 una
810 3297 927 3335 cum
959 3283 1070 3332 sole
1101 3281 1315 3348 occidit,

252 3358 309 3409 in
353 3359 676 3410 densissimis
725 3359 957 3412 tenebris
1000 3374 1102 3410 non
1149 3360 1315 3410 minus

251 3436 361 3500 illa,
377 3451 494 3502 quae
515 3437 1147 3503 tangimus,'percipimus,
1161 3453 1314 3503 quam

251 3511 343 3562 illa
365 3527 482 3578 qnae
506 3513 674 3564 medio
695 3513 783 3564 die
806 3522 862 3564 et
884 3514 999 3565 luce
1032 3515 1316 3567 clarissima

250 3602 538 3640 versamus.
576 3592 770 3644 (ἐπειὴ.

268 3698 273 3723 ;
314 3670 418 3717 739
462 3664 634 3717 Animi
674 3667 899 3732 iniectus]
943 3665 1175 3720 venuste
1223 3669 1311 3719 ad-

248 3742 479 3794 modum.
530 3744 634 3795 Res
669 3744 1017 3810 percipienda
1056 3746 1123 3795 nb
1146 3745 1313 3797 animo

246 3820 496 3871 videntur
516 3828 752 3884 remotae,
788 3823 842 3871 in
881 3836 969 3871 eas
1008 3836 1124 3889 sese
1147 3823 1317 3887 injicit

247 3909 416 3959 ιιιειιι,
454 3903 510 3946 et
533 3903 770 3962 arreptas
792 3898 1035 3963 percipit.
1091 3897 1196 3949 Alii
1218 3913 1314 3963 pro

234 3971 544 4038 mser-ri.
571 3972 749 4024 Larab,

262 4090 267 4096 .
309 4053 413 4100 740
433 4049 701 4114 cneigen]
723 4049 865 4101 Coeci
884 4052 1012 4104 uati.
1033 4051 1200 4103 [aab.

309 4128 410 4178 741
454 4126 749 4192 Adrpexere]
788 4128 1037 4180 Nonnulli
1073 4129 1194 4180 libri
1223 4130 1311 4180 ha-

243 4203 399 4263 beut,
417 4203 677 4267 diqveoeere.
710 4204 887 4256 Lamb.

308 4281 410 4329 742
465 4278 614 4328 Nullo
667 4280 909 4330 contincta
959 4282 1132 4346 colore]
1192 4283 1311 4333 Nou

242 4356 395 4419 dicit,
417 4368 643 4419 corpora
676 4357 1102 4415 naturaliauullo
1134 4362 1309 4412 colore

377 4436 554 4502 υιιριι.
570 4440 622 4487 ιι
651 4436 763 4489 Ver.
787 4438 918 4491 σιω.

1251 4441 1439 4493 Lucree.

1418 595 1532 635 esse
1554 590 1819 652 connota,
1838 586 1931 638 sed
1962 603 2029 640 ea
2058 589 2300 654 cognosci
2321 606 2354 641 a
2374 605 2476 644 cn·

1417 661 1492 713 cis
1525 663 1636 714 solo
1669 670 1834 726 tactu,
1869 678 1971 715 non
2001 667 2268 734 oculorum
2299 681 2474 732 rem,

1417 740 1504 790 cui
1559 741 1836 805 subjicitur
1890 742 2048 792 color.
2127 743 2306 796 Coe‘co*
2332 745 2473 796 enim

1415 816 1546 867 nihil
1575 825 1657 869 est
1690 818 1995 881 colentum,
2028 833 2144 871 cum
2181 820 2229 870 ei
2268 834 2476 885 semper

1416 893 1525 945 sint
1550 894 1782 946 tenebroe
1800 911 1817 946 ι
1849 896 1994 947 color
2025 904 2201 948 autem
2235 912 2337 948 non
2375 898 2476 949 nisi

1417 970 1536 1021 luce
1552 972 1701 1022 cerui
1722 981 1911 1039 queatz
1948 981 2135 1038 utpote
2171 974 2260 1040 qui
2286 974 2363 1027 ita
2381 975 2475 1028 de-

1414 1044 1627 1097 finiatur
1664 1047 1730 1099 ab
1762 1048 1925 1100 Arist.
1962 1050 2053 1103 lib.
2087 1051 2191 1114 περὶ
2215 1050 2472 1112 αἰσθήσεως

1415 1124 1493 1174 καὶ
1514 1123 1750 1185 αἰσθητοῦ·
1773 1125 1831 1176 τὸ
1847 1128 1936 1177 τοῦ
1954 1129 2273 1192 διαφανοῦς-«ἑν
2291 1129 2471 1191 σώματι

1411 1203 1644 1269 ὁρωμένῳ
1657 1203 1831 1270 πέψαι-ι
1857 1207 1891 1257 i.
1914 1221 1963 1259 e.
1988 1208 2005 1237 ‘
2020 1209 2265 1272 pellucidi
2288 1211 2338 1259 in
2361 1225 2473 1264 cor·

1413 1294 1542 1345 pore
1561 1281 1710 1334 finito
1731 1291 2017 1338 extremum
2036 1286 2070 1336 τ’
2091 1287 2230 1351 quod
2261 1289 2471 1353 quidem

1411 1367 1699 1412 extremum
1721 1364 1867 1413 cerui
1888 1376 1987 1414 non
2006 1371 2201 1429 potest,
2223 1366 2320 1415 nisi
2340 1367 2470 1417 illud

1409 1434 1644 1498 διαφανὲς,
1667 1452 1724 1487 re
1745 1453 1836 1487 seu
1858 1437 2126 1490 functione
2146 1440 2214 1490 sit
2232 1439 2466 1506 διαφανέα

1410 1513 1547 1576 quod
1570 1522 1652 1563 est
1675 1514 1867 1565 lumen.
1931 1513 2110 1581 Atque
2130 1518 2245 1568 haec
2265 1533 2333 1568 ex
2351 1535 2468 1570 sen-

1409 1592 1576 1641 tentis
1597 1588 1761 1642 Arist.
1787 1592 2020 1643 Contacta
2040 1600 2213 1643 autem
2238 1601 2366 1659 puto
2391 1596 2464 1645 le-

1408 1668 1635 1731 gendum
1657 1669 1849 1733 potius,
1885 1676 1942 1718 ut
1984 1669 2177 1719 habeut
2203 1677 2308 1720 tres
2348 1671 2468 1722 iibri

1409 1753 1632 1807 veteres,
1660 1760 1833 1809 quarn,
1871 1752 1929 1796 nt
1966 1747 2179 1810 vulgati,
2208 1749 2463 1799 contincta.

1409 1820 1592 1873 Lamb.
1663 1822 1900 1872 Relative
1930 1822 1996 1872 ad
2019 1825 2340 1889 eoecigenos3
2376 1839 2465 1876 ne-

1405 1914 1506 1965 que
1528 1899 1665 1950 euim
1683 1913 1899 1964 unquam
1918 1900 2148 1964 corporis
2167 1902 2321 1953 ullam
2340 1917 2463 1968 cog·

1405 1977 1656 2027 uitionem
1692 1976 1789 2027 sibi
1833 1991 2086 2042 peperere
2119 1993 2220 2041 ope
2258 1980 2464 2031 coloris.

1410 2051 1529 2104 Fut».
1595 2053 1704 2105 Pro
1738 2056 1984 2105 meinata
2026 2055 2304 2106 Lambinus
2339 2071 2462 2109 eon·

1404 2135 1564 2181 toda.-
1595 2138 1652 2181 ut
1678 2137 1733 2180 et
1753 2134 1902 2194 tacta,
1927 2146 1998 2182 vs.
2018 2136 2134 2183 746.
2172 2133 2363 2186 Ονεεσὴ.

1466 2209 1565 2257 744
1599 2205 1753 2270 Fuoo]
1778 2206 1934 2300 Color
1965 2213 2065 2273 est,
2100 2207 2277 2260 ἅπλῶς.
2309 2210 2460 2276 virg.

1473 2360 1642 2426 Viaco]
1665 2360 1998 2426 Argumentis
2033 2329 2208 2414 allatis
2239 2364 2460 2415 ostendo

1398 2434 1453 2486 id
1475 2433 1623 2499 ἦρι-ῖς
1646 2452 1782 2489 nunc
1805 2437 1856 2488 id
1881 2440 2226 2491 necessarium
2241 2455 2354 2493 esse
2371 2442 2459 2495 de·

1399 2514 1712 2564 monstrabo.
1748 2515 1870 2566 Feb.

1462 2593 1561 2641 747
1591 2590 1886 2658 Viacofieri]
1925 2593 2102 2644 Probo
2123 2552 2460 2661 argumentis,

1398 2672 1455 2716 et
1483 2667 1632 2732 quasi
1664 2682 1926 2732 expugno.
1993 2670 2084 2721 Sic
2119 2685 2260 2736 soepe
2290 2672 2456 2737 loqui-

1399 2750 1483 2794 tur
1519 2743 1650 2794 Hor.
1685 2751 1745 2795 ut
1773 2746 1885 2797 Set.
1921 2751 1971 2798 2.
2008 2751 2058 2798 8.
2093 2752 2210 2798 225.
2243 2749 2459 2800 ‘Vincit

1396 2820 1535 2870 enim
1567 2823 1757 2873 stultos
1789 2823 1922 2874 ratio
1955 2824 2181 2875 insanire
2202 2830 2458 2892 nepotes)

1395 2903 1452 2947 et
1472 2898 1548 2947 M.
1571 2898 1704 2949 Tun.
1727 2898 1916 2951 Parad.
1950 2898 2025 2950 ὅτι
2054 2898 2230 2953 πάντες
2250 2903 2295 2965 ol
2312 2901 2457 2969 μωροὶ

1391 2972 1645 3040 μαίνονται,
1678 2979 1694 3005 ‘
1714 2977 1828 3041 Ego
1851 2992 1975 3028 vero
2008 2986 2062 3028 te
2097 2994 2199 3030 non
2221 2981 2455 3042 stultum,

1394 3060 1453 3104 ut
1475 3067 1638 3119 saepe,
1673 3069 1776 3104 uon
1800 3054 2111 3121 improbum,
2133 3063 2192 3108 ut
2212 3071 2418 3123 semper
2437 3074 2454 3121 ς

1393 3128 1486 3179 sed
1506 3129 1826 3194 dementem,
1861 3137 1917 3181 et
1954 3131 2209 3195 insanum,
2243 3134 2453 3183 rationi.

1393 3204 1488 3256 bus
1508 3205 1645 3273 (seu,
1669 3216 1726 3257 ut
1750 3207 1835 3257 alii
1859 3209 2058 3273 legunt,
2072 3208 2232 3276 rebus)
2250 3210 2452 3260 vincam

1392 3283 1507 3347 (seu
1531 3283 1805 3347 ααυίιιεαιιι)
1837 3286 2181 3337 necessariis)
2219 3287 2293 3337 sic
2316 3289 2451 3341 euim

1391 3361 1668 3425 legendum
1690 3376 1898 3425 censeo,
1931 3378 2055 3427 non,
2091 3372 2149 3416 ut
2179 3365 2433 3431 vulgo,nd

1388 3439 1562 3488 dicam.
1596 3439 1779 3490 Lamb.
1845 3440 2101 3492 Quoniam
2132 3441 2350 3505 probavi
2370 3457 2449 3492 ae-

1389 3515 1533 3566 miua
1563 3516 1755 3565 coloris
1779 3517 2019 3580 expertia
2057 3517 2271 3606 percipi
2281 3532 2454 3607 posse,

1390 3592 1407 3620 ‘
1427 3593 1580 3643 Nunc
1603 3606 1718 3641 esse
1740 3589 1978 3655 docebo:
1999 3607 2171 3643 rerum
2197 3593 2453 3659 principia

1389 3668 1542 3718 nuliis
1583 3667 1841 3717 coloribus
1885 3681 1999 3718 esse
2038 3668 2237 3721 tincta:
2283 3670 2360 3720 ita
2391 3676 2451 3721 ut

1389 3744 1572 3795 deesse
1594 3745 1832 3795 videatur
1855 3759 2031 3796 versus
2058 3746 2268 3811 Corpora
2300 3752 2451 3798 note·

1387 3822 1619 3871 ήσιιιιὶιο
1631 3822 1871 3873 combreto
1884 3823 2054 3875 colore.
2086 3824 2281 3875 ‘vinco
2299 3822 2448 3886 lieri,⁹

1388 3906 1450 3948 nt
1487 3898 1627 3963 apud
1664 3898 1796 3949 Hor.
1830 3899 1944 3950 Sat.
1972 3904 2022 3950 2.
2060 3904 2110 3952 8.
2137 3904 2251 3951 226.
2288 3899 2448 3952 ‘Vin-

1389 3975 1466 4025 cit
1497 3976 1637 4026 euim
1673 3977 1859 4026 stultos
1892 3977 2027 4027 ratio
2062 3976 2288 4029 insanire
2323 3977 2451 4043 poe·

1389 4050 1508 4101 tas!
1573 4052 1789 4117 Integer
1809 4066 1933 4102 vero
1954 4052 2024 4103 sit
2044 4054 2187 4104 locus
2206 4070 2222 4116 3
2244 4055 2448 4119 conjec-

1389 4133 1559 4179 turam
1582 4144 1748 4179 meam
1771 4143 1874 4179 uon
1899 4131 2243 4194 pertinaciter
2265 4130 2445 4181 defeu-

1386 4204 1524 4256 dam.
1548 4205 1819 4256 Lucretius
1842 4221 1943 4256 vss.
1967 4211 2017 4256 9.
2055 4207 2219 4271 primo
2254 4207 2447 4274 probat

1389 4297 1561 4335 rerum
1581 4284 1777 4335 semina
1790 4298 1895 4335 non
1918 4300 2031 4336 esse
2053 4286 2302 4350 colorata,
2324 4286 2446 4351 quia

1387 4362 1554 4413 omnia
1571 4363 1714 4414 color
1737 4361 1924 4413 mutari
1955 4368 2148 4426 potest,
2170 4369 2226 4412 at
2248 4362 2445 4412 semina

2172 4444 2204 4492 4
2228 4441 2279 4492 D
