3009 4925
431 436 499 486 T.
545 435 899 487 uuonss'rll
948 434 1129 485 CARI
1179 436 1276 486 DE
1322 433 1590 483 RERUM
1644 435 1817 484 NAT.
1868 434 2012 484 mu.
2059 434 2139 483 11.

232 577 517 632 nificantior
531 579 634 631 ista
656 595 783 632 voce
802 582 819 611 ‘
841 587 1002 632 estus
1013 580 1050 631 ?’
1089 579 1282 632 Crescit.

294 657 420 707 11³⁷
460 653 619 722 Unde]
644 653 724 708 Ex
748 673 849 723 quo
871 658 1007 710 cibo.
1040 655 1205 709 Lama

292 727 529 796 suboriri]
591 733 654 783 lu
709 734 878 799 locum
933 748 1108 784 eornm
1166 748 1281 799 quae

233 811 413 860 amissa
450 819 505 859 et
543 816 809 861 consumta
848 819 987 875 sunt,
1025 810 1165 861 oriri.
1205 811 1281 862 sic

233 874 340 951 s‘np.
384 890 431 937 1.
478 890 623 937 1048.
668 888 874 941 ‘Quare
913 887 1068 938 etiam
1123 897 1280 954 atque

232 962 382 1013 etiam
426 962 649 1014 suboriri
691 965 854 1015 multa
895 978 1109 1015 necesse
1164 968 1297 1044 est?-

291 1120 414 1167 1138
453 1118 694 1175 Quantum
714 1133 827 1183 opus
841 1123 931 1183 est,
950 1123 1000 1170 et
1019 1120 1139 1184 quod
1157 1119 1282 1170 satis

226 1189 318 1255 ese]
367 1190 517 1245 Ordo
563 1203 672 1246 est:
726 1187 885 1259 uude,
936 1211 1025 1246 seu
1070 1211 1136 1246 ex
1177 1210 1278 1263 quo

228 1269 355 1335 cibo,
369 1279 592 1335 tantum,
614 1281 862 1337 quantum
892 1288 1023 1338 opus
1039 1280 1141 1336 est,
1157 1273 1277 1323 suh·

226 1346 342 1396 oriri
365 1362 426 1397 ac
457 1345 782 1413 suppeditari
823 1356 1000 1416 queat,
1048 1356 1105 1400 et
1141 1350 1277 1400 unde

225 1431 405 1474 ustura
445 1424 498 1474 id
536 1440 727 1475 novare
764 1435 939 1491 queat,
974 1427 1111 1492 quod
1149 1427 1277 1477 natis

223 1506 315 1550 est.
335 1501 544 1565 quidam
567 1501 643 1550 vir
672 1497 861 1552 doctus
882 1502 1159 1567 legendum
1183 1517 1275 1566 pn·

225 1581 317 1638 tat,
338 1578 492 1640 quoad
525 1577 649 1626 satis
689 1583 762 1627 est
798 1583 901 1629 nat.
939 1593 1045 1629 nov.
1095 1578 1275 1631 Lamb.

224 1649 304 1702 Ita
326 1660 379 1703 et
403 1669 538 1704 mox.
606 1653 756 1705 Quod
780 1655 904 1705 satis
938 1661 1040 1720 est,
1071 1664 1125 1705 et
1146 1669 1275 1717 opus

224 1737 301 1779 est
335 1730 400 1779 ad
443 1732 738 1782 ministrare
792 1748 854 1783 ac
899 1732 1275 1797 suppeditare;

224 1808 341 1857 satis
374 1819 450 1859 est
477 1808 544 1859 ad
570 1824 779 1860 novare.
843 1809 905 1860 In
943 1811 1162 1874 vulgatis
1198 1809 1272 1859 in·

221 1897 389 1934 versus
408 1886 492 1935 liic
516 1895 593 1934 εει
612 1886 755 1937 ordo.
793 1887 964 1948 Gilua.

283 1963 401 2010 1141
435 1961 740 2026 Tuditoentia]
766 1960 808 2011 1.
832 1976 880 2012 e.
905 1962 1195 2012 tunde-ntia.
1217 1971 1272 2013 et

220 2034 292 2086 ita
329 2037 536 2100 Festus,
588 2038 675 2103 qui
728 2037 863 2088 bunc
907 2039 1075 2088 locum
1120 2035 1269 2089 citat.

220 2110 425 2163 Paullus
463 2113 602 2174 apud
641 2113 890 2164 eundem:
925 2113 1269 2165 “l'uditantes

220 2199 340 2249 rem,
370 2186 630 2254 significat
675 2190 940 2253 negotium
977 2189 1271 2254 tundentes,

219 2261 252 2312 i.
279 2277 326 2313 ε.
358 2272 598 2329 agentes,
635 2265 872 2329 Tudites,
904 2263 1074 2316 mallei
1099 2283 1128 2316 a
1155 2274 1269 2316 tun-

220 2338 380 2389 dendo
411 2341 563 2404 dicti,
602 2341 722 2391 inde
761 2347 815 2392 ει
856 2342 1060 2392 cuidam
1082 2358 1271 2407 coguo-

219 2429 330 2467 meu
351 2417 618 2469 Tuditano
651 2416 770 2483 fuit,
798 2417 937 2484 quod
959 2427 1121 2484 capnt
1144 2419 1269 2470 mal-

218 2492 295 2544 leo
335 2495 503 2544 simile
536 2493 822 2559 habuerit}
890 2494 1038 2544 Idem
1080 2497 1269 2546 Lucre-

216 2570 314 2621 tius
344 2570 483 2622 infra
505 2575 553 2622 3.
578 2575 689 2622 ³95.
722 2572 738 2599 ‘
757 2571 827 2622 Et
849 2583 1004 2637 qnam
1028 2571 1272 2623 interval·

216 2643 275 2695 lis
296 2647 453 2698 tantis
498 2646 781 2697 tuditantia
818 2648 1020 2712 possint
1048 2648 1274 2698 Concur-

218 2722 362 2784 sare,’
381 2727 485 2774 διε.
519 2722 689 2773 Lamb.

276 2802 401 2850 1143
424 2799 515 2849 Sia·
542 2800 698 2861 igitar
732 2799 895 2862 mavi
932 2799 1134 2865 quoque]
1166 2801 1271 2851 De-

213 2890 346 2927 mum
389 2892 498 2927 vss.
541 2880 624 2928 29.
665 2877 952 2943 concludit,
1019 2877 1272 2929 Mundum

214 2963 273 3003 eo
322 2955 481 3006 modo
531 2969 635 3019 quo
691 2954 936 3005 animalia
977 2969 1273 3018 senescere,

214 3037 411 3080 meatus
434 3030 534 3081 viz.
554 3046 681 3096 quos
714 3031 765 3080 in
784 3030 1092 3081 animalibus
1115 3047 1271 3082 venas

215 3118 381 3171 voces,
399 3105 619 3157 assiduis
641 3120 916 3171 corporum
940 3115 1268 3160 externorum

212 3182 397 3235 ictibus
452 3182 761 3235 labefactati
814 3200 954 3249 aegre
1008 3187 1271 3250 recipiunt

212 3261 481 3311 materiam
510 3260 700 3310 mundo
724 3262 1012 3326 reparando
1034 3262 1269 3312 idoneam

215 3350 279 3386 cx
301 3336 504 3387 infinito
531 3335 881 3388 defluentem:
929 3347 983 3389 et
1015 3340 1125 3403 jam
1164 3346 1268 3389 tam

211 3412 313 3463 late
347 3427 581 3478 expansa
614 3421 692 3463 est
729 3413 842 3465 haec
881 3428 1178 3480 compages,
1212 3424 1271 3465 nt

213 3490 324 3552 plus
344 3491 574 3540 materiae
597 3505 627 3541 e
652 3505 709 3540 se
732 3491 984 3555 dimittat,
1015 3507 1167 3557 qnam
1202 3507 1268 3542 ex

212 3564 412 3617 infinito
433 3567 647 3631 accipit,
671 3574 827 3633 atque
867 3567 984 3618 ideo
1017 3567 1268 3619 diminua-

211 3647 294 3692 tur
314 3656 531 3693 necesse
552 3649 650 3705 est,
672 3649 727 3693 ct
746 3642 1066 3708 devigescat.
1112 3644 1270 3708 Quin,

212 3724 270 3766 ut
311 3719 570 3782 Epicurus
611 3719 817 3781 statuit,
864 3720 1038 3769 omnia
1081 3734 1272 3784 genera

209 3794 519 3857 animalium,
536 3794 734 3859 fruges,
753 3794 983 3855 arbores,
1001 3800 1101 3846 &c.
1117 3810 1271 3860 spon·

212 3878 266 3921 te
308 3888 402 3922 aua
449 3874 604 3922 tellus
648 3872 769 3922 olim
809 3865 1076 3936 produx‘it,
1115 3887 1269 3937 qnam

212 3953 383 3998 tamen
405 3947 559 3999 hodie
580 3946 812 3998 effoetam
836 3950 1102 4013 sentimus,
1129 3948 1270 3998 ideo-

211 4039 310 4089 que
353 4026 518 4090 ipsam
553 4038 828 4075 senescere
870 4023 1138 4076 fatendum
1171 4034 1269 4077 est.

214 4101 407 4154 Creech.

280 4178 498 4243 Circam]
516 4179 596 4228 Ἐν
616 4178 783 4244 κύκλῳ,
807 4178 1127 4230 adverbium.
1151 4193 1267 4229 nam

210 4254 226 4281 ‘
247 4254 455 4306 moenia’
474 4259 605 4307 recti
621 4272 772 4308 casus
788 4265 889 4320 est,
910 4271 1007 4307 nec
1022 4257 1266 4322 conjungi

214 4331 370 4384 debet
417 4347 534 4384 cnm
582 4348 709 4385 voce
766 4333 1006 4398 ‘omnia,’
1040 4349 1157 4399 quae
1189 4348 1270 4384 se·

2251 405 2424 487 1107

1362 578 1541 644 quitur
1561 579 1722 630 tertio
1751 594 1922 644 versu,
1943 587 2003 631 ut
2025 578 2234 644 vulgata
2255 578 2417 631 inter·

1360 656 1575 724 punctio
1594 656 1846 708 ostendit.
1881 655 2049 706 Lamo.

1425 736 1553 783 114⁴
1609 733 1806 785 Dabunt
1854 732 2025 797 labem]
2059 732 2419 798 Collabentur,

1357 815 1412 858 et
1446 816 1709 859 corruent.
1741 808 1907 859 Lamb.
1974 807 2415 860 Quemadmodum

1357 884 1556 935 minora
1607 885 1905 951 σνγκρίματα
1952 885 2187 952 quotidie
2242 885 2418 948 perire

1355 970 1477 1013 ante
1499 965 1675 1016 oculos
1707 966 1959 1026 videmus,
1999 965 2070 1014 ita
2107 973 2165 1014 et
2203 963 2416 1028 majora,

1356 1039 1654 1107 tellus,ai5r,
1688 1043 1895 1105 coelum,
1926 1040 2203 1108 aliqnando
2239 1056 2303 1091 ex
2327 1054 2417 1091 ne·

1354 1122 1602 1170 cessitate
1658 1120 1870 1185 physica
1923 1121 1938 1147 ⁸
1962 1116 2160 1169 dabunt
2213 1114 2419 1177 labem:

1355 1195 1720 1258 dissolventur,
1754 1196 2064 1247 dilabentur.
2126 1193 2231 1246 Sed
2270 1201 2417 1243 ante·

1355 1287 1506 1337 quam
1529 1271 1607 1323 his
1627 1273 1817 1324 notulis
1840 1272 1992 1324 finem
2010 1273 2292 1337 imponam,
2328 1269 2419 1320 da-

1354 1348 1433 1399 bis
1459 1350 1679 1412 reniam,
1712 1365 1885 1416 spero,
1908 1352 1950 1401 si
1970 1358 2134 1400 metas
2156 1349 2414 1413 egrediar,

1354 1436 1409 1477 ει
1448 1425 1518 1476 ab
1556 1426 1653 1478 hoc
1681 1426 1909 1478 Lucretii
1947 1428 2062 1477 loro
2102 1425 2416 1490 admonitus,

1354 1501 1478 1566 quid
1501 1504 1723 1553 sentiam
1746 1502 1812 1551 de
1835 1503 2055 1568 quodam
2070 1500 2276 1566 Virgilii
2301 1500 2416 1549 loco

1354 1577 1513 1643 quiin
1537 1593 1625 1627 ore
1648 1590 1728 1628 est
1754 1578 2011 1642 omnibus,
2035 1589 2305 1642 aperuero.
2357 1575 2414 1624 Is

1354 1654 1406 1703 in
1453 1654 1565 1711 AEn.
1607 1659 1656 1706 2.
1691 1658 1773 1705 97.
1819 1654 2026 1717 legitur.
2060 1656 2076 1682 ⁴
2102 1652 2239 1702 Hinc
2287 1650 2412 1700 mihi

1353 1731 1520 1794 prima
1542 1730 1661 1783 mali
1701 1728 1882 1781 labes!
1948 1729 2039 1779 Nil
2072 1726 2294 1791 facilius,
2337 1728 2412 1777 in-

1352 1806 1500 1871 quies
1522 1823 1537 1869 ;
1562 1822 1737 1858 verum
1754 1809 1907 1858 aliter
1921 1806 2081 1857 inulto
2096 1805 2411 1870 jampridem

1351 1885 1554 1947 sentio;
1589 1899 1759 1951 neque
1789 1899 1869 1935 me
1895 1883 2091 1949 pudeat
2107 1882 2337 1947 profiteri
2361 1883 2413 1932 ld

1348 1958 1590 2025 ignorare
1626 1977 1708 2012 me
1737 1962 1871 2028 quod
1895 1971 2194 2025 corruptum
2221 1974 2334 2010 esse
2359 1965 2416 2009 ει

1348 2052 1380 2087 a
1404 2040 1609 2089 nemine
1643 2054 1863 2105 unquam
1897 2038 2216 2088 intellectum
2252 2034 2414 2086 fuisse

1347 2119 1592 2169 arbitror.
1659 2121 1819 2171 Certe
1843 2119 1989 2169 licuit
2020 2117 2144 2167 mihi
2180 2116 2416 2166 dissimu-

1348 2192 1476 2256 lare,
1527 2201 1583 2243 et
1618 2193 1963 2256 ignorantiam
1999 2199 2155 2243 cauto
2204 2191 2415 2243 silentio

1347 2269 1636 2336 obtegere3
1669 2269 1762 2321 sed
1786 2271 1941 2321 aliter
1960 2270 2121 2319 visum
2139 2277 2240 2319 est.
2271 2269 2416 2319 Dico

1346 2347 1527 2412 igitur,
1559 2355 1614 2398 et
1650 2349 1792 2399 clare
1813 2347 1955 2412 dico,
1992 2347 2159 2397 locum
2202 2346 2340 2395 hunc
2380 2360 2414 2396 a

1348 2425 1558 2476 nemine
1593 2425 1813 2489 intelligi
1853 2437 2021 2490 posse,
2043 2423 2246 2489 nisiqui
2271 2422 2410 2473 ultro

1348 2506 1404 2549 et
1430 2500 1610 2550 volens
1643 2502 1743 2549 sihi
1775 2502 2026 2563 imponat.
2094 2497 2234 2551 Quid
2272 2498 2410 2548 enim

1349 2583 1430 2625 est
1451 2579 1466 2604 ⁸
1494 2576 1639 2626 labes
1660 2576 1698 2624 Γ
1765 2573 2059 2640 Aliquando
2078 2576 2408 2638 repentinam

1348 2650 1573 2716 aliquam
1591 2652 1942 2700 calamitatem
1961 2648 2219 2715 significat
2243 2650 2323 2699 vel
2346 2648 2411 2699 ah

1347 2727 1493 2792 aquis
1516 2726 1829 2788 immodicis,
1852 2726 1934 2775 vel
1960 2741 1991 2775 a
2009 2724 2277 2789 grandine,
2311 2723 2412 2774 ful·

1345 2804 1588 2866 minibus,
1612 2808 1714 2855 dte.
1741 2804 1823 2853 vel
1849 2818 1882 2853 a
1902 2804 2165 2854 chasmate
2189 2809 2246 2852 et
2262 2803 2410 2852 hiatu

1348 2885 1523 2941 terroe,
1555 2880 1607 2929 id
1641 2879 1778 2945 qnod
1802 2878 1948 2930 docti
1972 2885 2306 2928 annotarunt.
2340 2877 2413 2928 11-

1347 2955 1435 3005 lud
1458 2957 1625 3021 ipsum
1650 2964 1748 3019 est,
1781 2956 1984 3020 opinor,
2015 2953 2152 3020 quod
2182 2955 2235 3004 in
2267 2954 2412 3005 libris

1343 3030 1841 3083 Jurisconsnltorum
1908 3033 2217 3083 nostratium
2288 3033 2304 3060 ⁸
2340 3034 2411 3082 vi-

1344 3109 1519 3159 mere'
1555 3108 1769 3173 dicitnr,
1801 3110 1838 3160 i.
1861 3123 1908 3161 e.
1942 3112 2020 3159 vis
2060 3109 2259 3174 major:
2296 3125 2411 3174 qnae

1344 3199 1459 3235 cum
1507 3186 1741 3247 advenit,
1778 3193 1903 3236 tnnc
1951 3186 2192 3236 damnum
2238 3186 2411 3237 coloni

1342 3276 1444 3311 non
1465 3272 1566 3312 est.
1623 3263 1755 3313 Hoec
1777 3273 1950 3313 antem
1972 3262 2284 3327 significatio
2304 3265 2413 3314 util-

1342 3338 1448 3387 lum
1479 3339 1567 3388 hic
1601 3339 1769 3389 locum
1804 3338 1994 3389 hahere
2035 3345 2246 3403 potest;
2277 3340 2404 3405 quid

1346 3415 1482 3463 enim
1526 3415 1626 3464 erit
1660 3414 1964 3464 ‘calamitas
2008 3412 2144 3463 mali’
2177 3422 2268 3464 aut
2303 3416 2406 3464 ‘la-

1347 3488 1437 3539 be‘s
1454 3490 1575 3539 mali
1590 3488 1627 3537 ?’
1691 3489 1814 3549 Vel,
1837 3488 1879 3538 si
1904 3488 2258 3553 metaphorice
2275 3490 2409 3539 sumi

1344 3567 1511 3630 dices,
1560 3566 1854 3617 necessario
1908 3564 2251 3630 expungenda
2306 3566 2411 3617 erit

1345 3642 1434 3693 illa
1458 3656 1562 3692 vox
1595 3643 1611 3670 ‘
1633 3641 1753 3690 mali
1773 3640 1806 3701 ;'
1841 3654 1958 3689 cum
1998 3655 2061 3690 ea
2095 3640 2231 3689 enim
2269 3649 2408 3692 stare

1346 3733 1450 3769 non
1485 3717 1681 3783 poterit
1698 3714 1757 3766 τὸ
1783 3714 2000 3767 ‘labes.'
2033 3715 2220 3767 Altera
2237 3723 2411 3768 autem

1345 3794 1658 3859 significatio
1678 3794 1831 3859 hujus
1871 3793 2013 3843 vocis
2050 3800 2151 3856 est,
2187 3794 2420 3859 macula,-

1346 3879 1402 3923 et
1439 3870 1794 3936 metaphorice
1845 3869 2113 3934 probrum,
2158 3868 2410 3933 dedecus,

1344 3951 1444 3999 dec.
1477 3962 1596 4013 quae
1620 3947 1778 3997 nihilo
1802 3947 1915 4010 plns
1937 3945 2039 3996 loci
2076 3945 2162 3997 hic
2198 3946 2412 3999 habehit

1344 4039 1501 4091 quam
1536 4024 1628 4074 illa
1668 4023 1853 4073 altera.
1920 4022 2059 4075 Quid
2085 4023 2222 4073 enim
2247 4031 2412 4086 esset,

1345 4100 1603 4153 ‘macula'
1655 4109 1711 4151 et
1758 4100 1775 4129 ‘
1801 4098 2047 4164 probrum
2092 4098 2268 4149 mali?’
2335 4100 2412 4150 Ut

1344 4181 1504 4244 voles,
1534 4178 1722 4244 inquis,
1755 4176 1957 4244 quidvis
1990 4174 2176 4227 afferas
2200 4175 2409 4238 licebit3

1342 4262 1552 4308 constat
1571 4264 1714 4308 certe
1738 4256 1813 4305 ita
1846 4255 2100 4317 scriptum
2136 4267 2165 4301 a
2188 4252 2407 4314 Virgilio

1345 4347 1549 4385 versum
1573 4334 1715 4382 illum
1757 4331 1950 4391 fnisse3
1998 4344 2118 4379 nam
2167 4328 2302 4376 unde
2340 4327 2408 4376 is·
