3009 4925
529 385 700 455 1088

529 546 1012 613 etiamn-gendum:
1047 539 1380 609 eumfiugnut.
1417 537 1531 591 Gif.

596 630 690 676 17⁷
726 626 853 674 Num
872 623 1086 688 quumvis
1107 617 1288 681 rerum]
1336 617 1502 667 Etiam
1527 616 1589 666 li·

529 703 626 753 bro
648 702 850 767 quinto,
886 702 937 751 hi
962 700 1050 766 qui
1086 699 1334 759 deinceps
1368 706 1583 760 sequnn-

530 790 632 841 tur,
648 794 739 829 sex
755 792 931 828 versus
950 783 1224 841 ponuntur.
1236 772 1400 824 Lamo.
1424 770 1588 825 Quasi

527 860 760 909 diceret}
818 857 871 906 Si
914 856 1072 906 etiam
1117 851 1373 918 principia
1417 864 1586 899 rernm

529 936 854 1001 physicarum
868 933 1178 996 ignorarem,
1196 936 1368 979 tamen
1384 941 1448 977 ex
1465 940 1586 977 con-

527 1012 839 1061 sideratione
858 1010 975 1061 coeli
998 1008 1178 1073 ipsius,
1199 1007 1248 1056 iu
1275 1019 1373 1070 quo
1388 1005 1472 1054 isti
1498 1018 1588 1053 cu-

530 1091 693 1141 tiosos
710 1091 851 1139 Deos
863 1093 1099 1137 statuunt
1114 1085 1260 1149 quasi
1279 1085 1330 1134 in
1344 1082 1556 1148 specula
1572 1098 1586 1142 ς

531 1178 597 1218 ex
621 1168 865 1217 universa
884 1163 1273 1227 meteorologis,
1295 1169 1350 1212 et
1370 1160 1588 1223 infinitis

532 1244 648 1297 aliis
671 1242 948 1293 ostendere
972 1250 1196 1306 possem,
1219 1242 1319 1288 διο.
1356 1237 1476 1288 Fub.

598 1324 696 1370 178
726 1321 809 1368 Ex
828 1319 947 1383 ipsis
966 1316 1070 1366 coeli
1089 1311 1375 1376 rationibus]
1408 1312 1497 1362 Sic
1515 1312 1590 1362 lo-

533 1394 710 1461 quitur
754 1396 903 1445 Lot).
947 1394 963 1423 ‘
993 1392 1125 1441 Nam
1154 1390 1250 1442 tibi
1287 1389 1354 1440 de
1391 1404 1591 1439 summa

533 1474 653 1523 coeli
674 1472 895 1533 ratione,
928 1471 1197 1535 Deumque
1220 1467 1491 1518 Disserere
1515 1467 1592 1517 iu·

533 1548 762 1615 cipiurn.⁹
797 1546 965 1598 Lumb.
1254 1586 1268 1593 -
1388 1559 1419 1589 ἰ

597 1632 694 1678 179
722 1625 956 1689 Reddere]
978 1620 1276 1684 Ἀποδιδόνα,
1294 1621 1592 1683 ostendere,

532 1705 602 1755 ob
648 1705 823 1754 oculos
863 1716 1079 1768 ponere,
1116 1700 1379 1762 colligere.
1422 1698 1590 1750 Lumb.

532 1780 850 1843 ostendere,
902 1778 1140 1843 probare,
1184 1776 1393 1826 docere.
1449 1775 1593 1828 alibi.

532 1858 656 1908 Feb.

598 1937 694 1983 180
745 1933 1051 1996 Nequaquam
1087 1929 1196 1981 nob.
1239 1930 1434 1981 divinit.
1477 1928 1585 1993 qm]

531 2009 620 2060 Sic
641 2013 686 2059 8.
714 2013 794 2059 1⁴.
842 2011 858 2038 ‘
884 2009 1017 2058 Nam
1054 2007 1201 2057 simul
1240 2021 1301 2057 sc
1335 2007 1468 2056 ratio
1503 2012 1594 2055 tun

531 2086 694 2150 coepit
747 2084 1038 2147 vociferari,
1105 2084 1357 2134 Naturam
1421 2096 1592 2132 rerum

532 2163 667 2213 haud
692 2164 941 2213 divinitus
960 2175 1070 2212 esse
1092 2160 1360 2225 coortam,'
1379 2164 1479 2211 dcc.
1523 2162 1591 2212 sl.

531 2244 757 2289 neutum.
791 2238 970 2290 Lamb.

597 2319 689 2365 181
708 2317 849 2372 ·Qnoe
892 2320 1028 2366 tantu
1067 2315 1159 2379 est]
1215 2314 1456 2380 Quamque
1495 2316 1596 2365 hoec

533 2394 634 2443 siut
666 2395 731 2444 Β.
757 2394 952 2443 Creeeh.

599 2475 694 2521 188
732 2472 877 2522 Nunc
905 2471 958 2521 id
990 2474 1110 2537 quod
1144 2471 1214 2536 s.]
1270 2470 1376 2521 Hic
1401 2481 1595 2521 'versus

531 2549 740 2599 videtur
794 2563 1226 2614 supervacaneus,
1283 2548 1595 2614 minimeque

535 2626 916 2676 Lucretianum·
954 2626 1121 2676 Lumb-
1188 2626 1344 2677 Hunc
1388 2641 1593 2677 versum

532 2700 746 2766 ὀβελίζει
781 2703 996 2767 Dionys.
1036 2711 1180 2754 recte
1221 2706 1420 2767 opinor.
1474 2702 1595 2755 Fab.

534 2777 693 2828 Hunc
730 2791 936 2829 versum
976 2779 1152 2843 rejicit
1187 2779 1484 2842 Lambinus,
1529 2794 1594 2830 au

531 2855 720 2904 merito
741 2854 829 2930 alii
844 2855 1105 2918 judicent,
1127 2864 1395 2907 certe-nec
1415 2872 1595 2922 super-

530 2941 787 2980 vacaneus
812 2939 914 2993 est,
936 2945 1034 2979 nec
1058 2931 1302 2981 Lucretio
1335 2932 1596 2997 indignus.

534 3005 679 3056 Olim
705 3004 1053 3057 affirmaverat
1091 3008 1287 3058 semina
1308 3009 1480 3059 omnia
1503 3009 1595 3059 de·

531 3096 701 3133 orsum
727 3082 961 3144 tendere,
982 3089 1033 3132 et
1052 3097 1253 3134 omnem
1273 3093 1467 3135 motum
1486 3101 1595 3136 sur·

530 3173 642 3209 snm
664 3173 777 3208 esse
811 3159 1111 3223 violentum,
1135 3159 1272 3210 idem
1310 3169 1462 3226 urget
1495 3177 1594 3214 νει.

531 3241 615 3288 88.
638 3247 695 3287 et
717 3238 872 3287 docet
895 3238 1087 3288 nullum
1105 3253 1317 3304 corpus,
1335 3255 1399 3290 ne
1419 3241 1592 3305 ignem

532 3314 743 3378 quidem
789 3315 976 3379 ipsum,
1024 3316 1338 3367 naturaliter
1391 3331 1591 3367 sursum

530 3392 674 3456 ferri,
697 3392 787 3443 sed
814 3392 862 3442 vi
880 3394 1093 3443 aliorum
1115 3408 1388 3458 corporum
1413 3402 1591 3444 extru-

529 3468 606 3532 di,
629 3470 809 3520 eodem
833 3470 986 3520 modo
1021 3484 1125 3534 quo
1157 3484 1343 3520 succus
1367 3472 1419 3520 iu
1442 3471 1593 3520 arbo-

529 3546 690 3611 ribus,
713 3547 919 3610 sanguis
936 3560 965 3595 e
980 3547 1119 3596 venis
1138 3546 1356 3597 exiliens
1374 3554 1430 3597 et
1448 3548 1589 3597 trabs

529 3622 678 3687 aquis
718 3623 997 3684 immersa3
1053 3624 1167 3690 quis
1208 3624 1344 3674 enim
1383 3624 1593 3674 dubitat

528 3705 583 3748 et
603 3713 811 3750 succum
835 3701 1007 3764 istum,
1020 3709 1071 3749 et
1090 3702 1470 3765 sanguinem‚et
1486 3709 1589 3752 trs-

524 3775 647 3825 bem
670 3777 819 3827 istam
850 3777 901 3825 in
924 3777 1062 3825 inani
1085 3778 1321 3829 deorsum
1354 3780 1590 3843 tendere,

525 3852 649 3901 licet
679 3853 813 3902 alter
835 3867 929 3917 per
954 3860 1191 3903 truncum
1214 3855 1481 3919 ascendat,
1518 3858 1590 3905 nl-

529 3937 613 3977 ter
635 3943 663 3977 e
686 3929 831 3977 venis
850 3929 1064 3991 emicet,
1090 3936 1147 3979 et
1171 3931 1337 3980 altera
1355 3946 1419 3981 ex
1440 3933 1590 3982 undis

527 4012 790 4068 emergat:
850 4005 1098 4055 observat
1144 4005 1367 4071 deniqne
1420 4009 1589 4059 radios

525 4080 649 4129 solis
706 4079 772 4130 ad
821 4086 1011 4130 terram
1056 4081 1295 4132 deorsum
1351 4084 1590 4150 tendere,

526 4158 703 4208 stellas
726 4158 903 4221 etiam,
938 4166 1173 4210 meteora
1195 4161 1380 4226 ignite,
1402 4169 1457 4212 et
1490 4162 1590 4213 fnl-

523 4234 662 4284 rnina
685 4235 736 4284 in
773 4242 940 4285 terras
978 4236 1189 4302 cadere,
1227 4245 1283 4290 et
1323 4240 1592 4292 concludit

524 4308 780 4362 flammam
811 4326 914 4362 non
957 4313 1007 4363 vi
1042 4328 1154 4379 sus,
1185 4314 1277 4366 sed
1316 4331 1588 4382 corporum

1226 392 1441 446 »⁸01⁸AE
1484 388 1896 444 ‹vAmoRtJu
1949 386 2030 438 ΙΝ
2063 390 2100 423 ‘-

1660 534 2049 586 extrudentium
2072 532 2296 597 impulsu
2320 534 2516 581 sursum
2555 530 2682 581 ferri
2699 548 2716 581 ι

1661 613 1739 664 καὶ
1758 612 1823 663 τὰ
1844 616 1999 679 πρῶτα
2030 611 2116 673 μὲν
2148 609 2298 671 uultu,
2333 609 2411 659 καὶ
2442 611 2503 658 τὰ
2536 610 2583 671 ἐξ
2605 609 2728 659 ἐκεί·

1660 704 1751 741 νων
1771 690 2064 754 συγκρίματα
2084 687 2224 753 βάρος
2248 687 2376 749 ἔχεις
2413 688 2738 736 Plutarchus

1664 773 1710 819 1.
1748 768 1896 819 Plac.
1937 768 2070 817 Phil.
2105 768 2238 830 Cap.
2274 769 2355 814 12.
2423 764 2494 814 Et
2521 763 2740 826 Simpli-

1662 844 1770 894 cius
1794 845 1948 894 docet
1972 842 2189 907 Epicuri
2222 841 2380 891 fuisse
2415 842 2743 890 sententiam

1663 918 1789 970 liram
1819 924 1954 983 σῶμα
1989 918 2133 984 βάρος
2163 919 2311 981 ἔχειν,
2343 918 2414 980 τᾷ
2433 916 2488 966 δὲ
2510 917 2574 966 τὰ
2594 915 2752 979 βαρύ-

1661 1016 1775 1064 τερα
1796 996 2047 1062 ὑφιζώνειν,
2076 997 2142 1047 τὰ
2159 994 2310 1054 ἧττον
2331 993 2482 1058 βαρέα
2501 993 2581 1042 ὑπ’
2624 993 2748 1043 ἑκεί-

1663 1094 1753 1128 νων
1769 1076 2070 1134 ἐκθλίβεσθαι
2093 1075 2172 1125 ἐπὶ
2190 1075 2251 1124 τὸ
2271 1074 2381 1124 ἄνω.
2420 1074 2620 1123 Creeeh.

1729 1159 1825 1205 184
1861 1155 2002 1204 Nunc
2034 1155 2162 1203 locus
2198 1151 2295 1215 est]
2335 1152 2494 1201 Nunc
2518 1156 2754 1200 conatur

1665 1231 1877 1295 docere,
1895 1230 2066 1282 omnia
2088 1242 2326 1293 corpora,
2345 1227 2442 1278 'sua
2479 1228 2552 1287 vi,
2571 1234 2630 1276 et
2654 1240 2748 1275 nn-

1666 1314 1784 1357 tura
1805 1307 2044 1358 deorsum
2063 1305 2225 1357 ferri:
2259 1306 2395 1372 quod
2433 1305 2479 1353 sl
2503 1320 2610 1370 qua
2635 1318 2751 1353 sur-

1666 1398 1776 1434 sum
1801 1382 2062 1434 interdum
2101 1381 2356 1444 ferantur,
2396 1396 2520 1432 eum
2546 1388 2750 1431 motum

1666 1475 1782 1510 esse
1804 1460 2107 1526 violentum,
2124 1468 2282 1524 atque
2308 1458 2374 1509 ab
2393 1460 2632 1524 ipsorum
2655 1473 2748 1508 na·

1668 1544 1784 1589 tura
1806 1539 2048 1588 alienum.
2095 1537 2197 1587 Sed
2221 1536 2434 1586 videtur
2455 1537 2541 1586 hic
2564 1537 2750 1601 legen·

1666 1614 1809 1678 dnm,
1848 1616 1987 1666 Nunc
2007 1620 2224 1679 opusne,
2243 1618 2342 1665 διο.
2362 1615 2747 1665 Verumtamen

1667 1693 1794 1743 nihil
1817 1693 1980 1744 ausim
2003 1700 2222 1744 mutare.
2253 1692 2425 1743 Lumo.

1732 1775 1827 1820 185
1861 1771 1963 1821 Suu
1983 1770 2055 1835 vi]
2092 1771 2443 1821 Naturaliter.
2477 1770 2621 1821 Nam
2645 1784 2744 1819 nec

1667 1847 1800 1912 ignis
1817 1848 2022 1914 quidem
2048 1849 2158 1898 sine
2176 1849 2243 1912 vi,
2262 1850 2376 1899 sine
2399 1849 2744 1913 expressione

1670 1938 1759 1973 seu
1777 1926 2079 1975 extrusione
2093 1925 2200 1976 alta
2218 1925 2369 1991 petit.
2390 1925 2591 1976 nullum
2610 1926 2742 1975 enim

1668 2015 1856 2066 corpus
1873 2016 2073 2052 sursum
2089 2000 2257 2052 fertur
2268 2003 2601 2053 naturaliter.
2622 2002 2742 2054 fab.

1669 2077 1937 2128 Ciceronis
1960 2078 2028 2129 de
2058 2080 2274 2144 Epicuri
2289 2080 2388 2130 hac
2411 2081 2662 2146 opinione
2673 2080 2743 2130 lo-

1670 2168 1784 2205 cnm
1807 2156 2031 2207 illustrat
2049 2158 2272 2210 Turneb.
2294 2158 2350 2208 in
2372 2159 2608 2224 operib.
2624 2175 2741 2225 pag.

1669 2235 1785 2283 229.
1820 2233 1955 2285 Ηαυ.

1735 2315 1831 2361 187
1868 2313 1971 2361 Nec
1991 2312 2081 2362 tibi
2100 2314 2212 2362 dent
2231 2314 2283 2363 iu
2306 2313 2451 2378 eost]
2504 2312 2553 2365 1.
2572 2330 2621 2365 e.
2645 2327 2738 2363 nee

1671 2396 1724 2440 te
1748 2389 1800 2439 in
1824 2404 1887 2440 eo
1906 2390 2174 2455 inducant,
2196 2405 2293 2441 nec
2312 2390 2410 2441 tibi
2430 2392 2536 2442 sint
2553 2390 2737 2455 fraudi,

1670 2475 1726 2518 et
1748 2477 1939 2531 cogant
1962 2476 2014 2519 te
2037 2468 2273 2532 credere,
2314 2484 2419 2519 non
2442 2471 2618 2520 omnis
2633 2485 2740 2520 cor·

1670 2557 1800 2609 pora
1817 2560 1908 2594 sun
1932 2555 2119 2610 sponte
2135 2547 2374 2596 deorsum
2399 2545 2553 2597 ferri.
2575 2547 2737 2598 Lamb-

1671 2621 1732 2670 In
1753 2621 1829 2684 eo]
1863 2623 1950 2673 lta
1980 2639 2046 2672 ex
2070 2623 2333 2673 veteribus
2357 2627 2556 2675 nostris
2581 2627 2736 2690 scrip·

1670 2698 1730 2749 si.
1795 2700 2005 2763 Vulgnti
2025 2716 2037 2749 ε
2074 2701 2231 2750 timeo.
2269 2698 2382 2750 Gis.
2451 2702 2543 2752 sic
2566 2702 2735 2765 legen-

1669 2775 1789 2825 dum
1814 2782 1912 2839 est,
1934 2791 2058 2836 non,
2081 2784 2139 2827 ut
2164 2778 2341 2841 vulgo,
2372 2778 2552 2828 timeo.-
2584 2794 2728 2844 quam

1670 2855 1984 2919 scripturam
2030 2856 2082 2904 in
2128 2855 2359 2905 secunda
2391 2855 2630 2908 editione
2661 2869 2736 2906 re-

1669 2932 2086 2996 presentavimus
2127 2948 2158 2982 a
2198 2932 2445 2983 Turnebo
2468 2934 2737 2994 admoniti,

1668 3023 1782 3057 cum
1807 3023 1919 3058 eam
1944 3009 1998 3058 in
2031 3009 2174 3059 tibris
2194 3009 2385 3060 nostris
2413 3011 2637 3061 veterib.
2659 3025 2738 3060 re-

1668 3092 1892 3149 pertam,
1931 3087 1980 3134 iu
2005 3087 2168 3149 prima
2193 3100 2288 3151 per
2314 3086 2734 3150 imprudentiam,

1667 3169 1721 3212 et
1766 3163 1904 3212 aliud
1951 3171 2165 3226 agentes
2211 3164 2730 3227 praetermisissemus.

1665 3239 1834 3288 Lamo.
1910 3241 2012 3289 Neo
2055 3240 2162 3302 ulii,
2207 3240 2392 3290 vitiose
2415 3258 2429 3291 :
2474 3252 2534 3292 et
2575 3245 2730 3307 impe-

1666 3317 1784 3367 rite.
1850 3317 2008 3367 Timeo
2043 3332 2138 3383 pro
2172 3317 2224 3368 in
2244 3334 2297 3368 eo
2322 3319 2455 3384 legit
2489 3322 2728 3371 Nardius.

1670 3393 1864 3445 στερεὴ.
2511 3429 2516 3432 -

1749 3474 1846 3519 188
1894 3471 2135 3534 Augminu
2186 3470 2334 3536 sum]
2401 3472 2724 3539 Augeseunt.

1728 3625 1905 3676 Sursus
1918 3628 2041 3678 enim
2060 3644 2220 3678 corsus
2227 3630 2527 3694 gignuntur]
2544 3630 2606 3681 In
2627 3641 2722 3682 vet.

1664 3704 2001 3770 quibusdam:
2040 3706 2279 3768 Gigmtnt.
2330 3706 2442 3758 Gif.
2513 3709 2613 3759 Est
2652 3717 2723 3758 ta-

1664 3782 1772 3829 cita
1813 3779 2128 3845 ἆνθυποφορὰ,
2187 3782 2399 3831 Sursum
2448 3783 2607 3849 enim,
2657 3785 2720 3832 in-

1662 3859 1828 3922 quies,
1867 3856 2037 3908 fertur
2078 3859 2244 3923 ignis;
2278 3859 2346 3908 ad
2383 3877 2541 3926 quam
2584 3876 2719 3910 versu

1661 3935 1900 4000 sequenti
1925 3935 2225 3999 respondet,
2238 3937 2342 3986 Sed
2366 3936 2552 4003 fruges
2575 3947 2628 3988 et
2645 3953 2718 3987 ar·

1662 4013 1813 4063 bores
1837 4014 1888 4061 in
1912 4014 2071 4062 altum
2097 4011 2356 4075 feruntur,
2380 4021 2608 4080 propter
2627 4015 2713 4064 vim

1663 4088 1987 4153 subigentem
2012 4104 2130 4154 qnae
2165 4103 2196 4138 e
2218 4099 2362 4140 terra
2384 4105 2714 4156 prorumpens

1660 4167 1712 4215 in
1739 4166 1896 4215 altum
1933 4181 2164 4217 crescere
2204 4170 2370 4231 cogit,
2399 4184 2519 4218 cum
2558 4177 2712 4220 tamen

1662 4243 1832 4293 omnia
1855 4243 2086 4306 pondera
2110 4244 2421 4295 naturaliter
2451 4245 2710 4311 (qnantum

1662 4321 1714 4370 in
1739 4335 1796 4371 se
1822 4321 1930 4386 est)
1961 4317 2200 4372 ferantur
2233 4322 2493 4372 deorsum.
2529 4321 2641 4377 fab.
