3009 4925
509 441 573 487 τ.
629 426 982 488 numeru
1033 439 1214 487 essu
1266 441 1361 488 ns.
1411 438 1680 488 Reium
1732 439 1907 490 NAT.
1962 440 2105 489 ms.
2155 441 2206 489 1.

316 583 459 634 tione
514 582 714 636 Gifanii
771 582 837 633 de
890 589 1047 648 gente
1111 581 1372 632 Memmia.

314 661 506 710 Cre-ech.

371 742 438 787 28
476 737 729 801 Οηιαῦιιιπ]
754 737 855 785 Ora
877 737 1026 785 latam
1043 735 1095 785 iu
1117 740 1221 786 vet.
1239 734 1371 785 Gro-

309 814 447 864 novii
468 814 585 864 cod.
607 813 839 878 conjecit
868 812 1151 863 Salmasius
1171 813 1373 862 auarum

308 906 403 956 pro
443 890 675 940 exaltato
709 897 766 940 et
796 890 1024 952 excelso,
1063 897 1124 940 ut
1162 890 1373 938 vitutum

306 969 445 1018 idem
489 966 622 1017 dixit
683 966 955 1017 Lucretius
1008 970 1058 1015 8.
1101 969 1216 1016 410.
1257 969 1370 1014 657.

303 1049 419 1094 680.
477 1050 533 1092 at
571 1057 670 1091 vox
703 1043 872 1104 uitato,
911 1043 1041 1092 licet
1079 1041 1371 1106 Apollinari

302 1119 516 1170 Sidonio
536 1119 749 1183 aliisque
771 1118 1016 1184 sequioris
1040 1119 1214 1169 aetatis
1246 1125 1371 1169 uota

303 1193 426 1256 fuit,
439 1195 529 1244 vix
547 1202 721 1245 tamen
740 1193 914 1245 forsan
932 1202 1048 1245 erat
1068 1195 1371 1245 Lucretiani

303 1272 421 1319 aevi.
460 1271 654 1320 σκιά.
722 1272 823 1320 Ms.
849 1271 1079 1320 Omnibus
1097 1287 1182 1321 ora
1199 1274 1369 1322 latum

303 1346 460 1398 Unde
481 1347 715 1410 Wallius‚
744 1354 937 1398 etcum
959 1363 1023 1397 eo
1039 1347 1273 1411 Vossius,
1296 1346 1369 1398 fe-

298 1425 375 1474 eit
400 1424 634 1474 omnibu
650 1425 912 1487 prolatata.
982 1424 1135 1476 Quod
1172 1438 1271 1474 non
1296 1425 1368 1474 vi-

302 1500 459 1550 detur
473 1499 828 1564 rejiciendum.
851 1515 900 1565 q.
923 1501 978 1551 d.
1001 1515 1149 1565 quem
1165 1502 1369 1556 ‚relictis

302 1576 458 1626 rebus
509 1578 656 1642 (nota
718 1575 965 1639 formula)
1015 1578 1222 1628 voluisti
1277 1594 1366 1629 ex-

299 1655 512 1717 cellere,
569 1669 660 1706 seu
705 1655 898 1705 curasti
953 1660 1013 1704 ut
1065 1655 1364 1706 excelleret.

362 1813 431 1859 29
462 1807 651 1872 Dictis]
703 1808 875 1860 Alibiz
933 1808 1136 1859 ‘doctis
1171 1798 1364 1861 dietis?

298 1884 476 1948 Preig.
1048 1938 1052 1942 .

361 1959 614 2024 maus]
663 1960 742 2010 Tu
784 1960 974 2026 leporis
1016 1962 1155 2027 Dea,
1211 1969 1363 2013 aeter-

296 2053 416 2088 num
439 2045 495 2088 et
517 2038 748 2088 divinum
791 2039 917 2089 meis
950 2040 1184 2091 versibus
1221 2042 1362 2105 lepo-

296 2131 408 2166 rem
426 2129 664 2181 asperge.
686 2131 803 2166 nam
826 2117 936 2167 sine
962 2125 1015 2168 te
1035 2127 1215 2170 essent
1254 2120 1363 2171 ille-

293 2192 407 2258 pidi
445 2203 603 2258 atque
626 2193 900 2244 invenusti.
944 2194 1115 2246 lamb.

356 2272 424 2318 80
467 2267 633 2334 Effice]
672 2267 760 2319 ΑΙ.
789 2274 839 2319 et
867 2269 995 2327 sace.
1025 2271 1247 2322 melius:
1291 2273 1365 2323 ita

294 2346 433 2395 enim
469 2346 730 2396 vinculum
751 2346 852 2395 erit
876 2346 925 2395 in
948 2347 1045 2398 boc
1069 2363 1222 2399 versu
1245 2365 1363 2401 cnm

295 2422 670 2488 superioribus.
707 2422 825 2473 Fab-

357 2500 603 2565 Moenm]
625 2499 837 2565 Officia,
853 2502 1234 2568 expeditiones.
1258 2509 1359 2557 Be·

294 2592 361 2627 ue
409 2588 560 2641 rogat
616 2578 872 2628 Venerem
924 2586 984 2630 ut
1043 2581 1232 2631 bellum
1280 2597 1359 2632 se·

294 2655 406 2706 det.
470 2655 608 2705 Sunt
628 2655 764 2705 euim
798 2653 959 2707 Amor
981 2665 1036 2708 et
1060 2657 1235 2708 Venus
1255 2659 1359 2708 duo

290 2730 504 2781 numina
523 2732 669 2795 pacis
692 2732 874 2794 amica,
895 2734 971 2784 ita
986 2742 1210 2786 canente
1226 2735 1357 2787 Pro·

293 2807 468 2869 pertin
511 2810 563 2855 8.
597 2811 648 2856 8.
676 2811 760 2857 28.
827 2808 1010 2858 ‘Pacis
1032 2824 1176 2859 amor
1214 2809 1356 2861 Deus

292 2887 403 2932 est:
439 2895 626 2945 pacem
644 2896 948 2933 veneramur
966 2887 1238 2937 amantes!
1257 2888 1359 2938 Pe·

290 2959 361 3007 rit
406 2972 556 3008 amor
593 2958 772 3009 audito
813 2959 1053 3023 classico,
1085 2961 1174 3027 qui
1197 2964 1360 3015 corda

290 3035 579 3085 otiosorum
600 3042 853 3100 occupat:
877 3036 1054 3102 quales
1077 3048 1249 3090 castra
1267 3028 1356 3091 n'o·

292 3110 431 3162 lunt:
451 3110 548 3161 sed
560 3113 575 3138 ‘
589 3111 738 3161 tubas
754 3118 809 3162 et
822 3112 974 3162 lituos
985 3118 1204 3179 procul,'
1215 3124 1275 3167 ut
1285 3118 1360 3169 ait

295 3187 554 3238 Manlius.
585 3188 727 3238 Pius.
794 3189 883 3241 lta
913 3205 963 3241 v.
984 3191 1019 3244 1.
1062 3195 1170 3255 GU.
1234 3197 1357 3247 Μω-

287 3280 421 3328 nera,
443 3266 873 3329 Mueru,moeuiu,
895 3269 1084 3319 munia.
1096 3286 1250 3335 poenu,
1266 3288 1360 3338 pu·

291 3342 393 3392 nio.
463 3343 661 3405 Pennis,
696 3343 942 3394 Punicus.
977 3347 1232 3413 mutes,
1271 3364 1359 3400 cu-

292 3426 486 3469 rantes.
545 3418 741 3468 Ennius
762 3421 878 3484 plus
900 3424 1076 3472 semel.
1132 3425 1219 3476 De
1237 3441 1359 3481 cou-

292 3494 532 3544 versione
552 3495 643 3543 τοῦ
661 3494 716 3544 o'e‘
737 3497 789 3545 in
813 3512 844 3545 ιι
862 3496 998 3549 dixit
1012 3500 1248 3552 eruditus
1273 3502 1359 3552 lu-

291 3576 500 3635 terpres
524 3570 790 3622 Columnae
817 3573 1117 3628 Duillianoe.
1141 3577 1274 3628 adde
1305 3586 1362 3629 et

289 3646 646 3710 superioribus
686 3660 845 3699 omos
883 3663 1034 3715 unus,
1082 3659 1143 3703 ut
1181 3655 1235 3703 in
1270 3656 1361 3706 illo

287 3738 414 3772 saxo
433 3721 631 3786 legitur
662 3722 730 3774 de
751 3726 926 3789 quoin
956 3727 1065 3778 vita
1086 3729 1359 3794 Peyreskii

291 3798 489 3848 mentio
509 3796 606 3858 flt;
639 3798 784 3861 cujus
797 3802 1062 3865 exemplar
1082 3820 1113 3854 a
1132 3806 1360 3857 sirmon-

292 3874 360 3923 do
391 3873 525 3923 Viro
556 3874 785 3924 Doctiss.
808 3875 1004 3927 editum
1039 3888 1121 3930 est
1144 3890 1202 3933 et
1221 3886 1359 3934 notis

292 3951 629 4002 illustratum.
674 3951 795 4001 Fab.
884 3956 1098 4007 Moeneru
1150 3961 1361 4012 Militiae·

293 4027 417 4077 belli
441 4041 536 4077 seu
558 4026 758 4077 militiae
798 4044 1032 4096 munera,
1070 4037 1146 4085 sic
1163 4039 1359 4090 mentire

303 4118 395 4168 pro
422 4103 631 4163 unire,
654 4108 854 4154 moeeuus
892 4123 987 4171 pro
1009 4117 1215 4177 mum,
1236 4129 1362 4164 σανα

297 4192 390 4241 pro
412 4194 545 4238 eure,
569 4181 668 4228 διο.
704 4179 898 4233 Creech.

361 4254 593 4317 militiai]
659 4254 899 4306 Militiaez
947 4257 1199 4313 diaeresis.
1242 4264 1362 4317 Jam

295 4329 641 4399 diphthongus
657 4344 700 4381 a
716 4329 838 4383 olim
848 4333 1174 4389 scribebatur
1183 4354 1279 4405 per
1294 4342 1363 4406 ai,

2381 424 2512 492 887

1447 595 1513 632 ne
1532 581 1614 632 cni
1640 582 1824 632 mirum
1852 583 1941 647 sit,
1965 597 2032 634 ex
2050 599 2096 633 ο
2116 582 2229 633 fleri
2257 585 2381 634 κατὰ
2400 583 2514 634 &ai-

1444 674 1576 720 ρεσιν
1606 658 1673 722 ui,
1713 666 1769 709 ut
1798 662 1813 687 ⁸
1836 661 1956 724 viai,
1992 660 2214 724 naturai,
2255 663 2515 725 materiai,

1444 734 1788 798 Iphianassai,
1811 734 2117 800 Geryonai‚'
2151 743 2207 786 et
2231 736 2418 787 similia
2438 739 2513 788 in-

1445 811 1787 861 numerabilia
1808 812 1946 877 apud
1972 813 2287 876 Lucretium,
2310 821 2365 864 et
2386 814 2513 864 item

1444 889 1582 953 apud
1629 888 1705 938 M.
1747 888 1973 939 Tullium
2017 889 2069 937 iu
2115 889 2313 939 Arato:
2368 890 2513 940 ‘Vos

1445 979 1651 1029 quoque
1692 964 1839 1030 signa
1891 966 2082 1016 videtis
2144 966 2296 1032 aquai
2347 965 2516 1024 duleis

1444 1041 1703 1091 alumne!
1738 1049 1795 1092 et
1816 1056 1959 1107 saepe
1980 1043 2107 1092 alias
2129 1060 2143 1094 ε
2187 1043 2347 1095 etiam
2371 1045 2510 1107 apud

1444 1119 1591 1180 virg.
1614 1124 1674 1170 ut
1690 1120 1802 1170 AEu.
1824 1124 1874 1169 8.
1894 1124 2009 1171 854.
2052 1120 2069 1147 ⁴
2088 1119 2240 1170 Aulai
2270 1120 2508 1170 inmedio

1440 1194 1672 1244 libabant
1682 1196 1866 1259 pocula
1885 1193 2116 1246 Bacchi!
2128 1195 2352 1261 denique
2370 1196 2509 1261 apud

1444 1272 1639 1321 omneis
1664 1279 1889 1322 veteres.
1933 1271 2101 1322 Lumo.

1506 1337 1571 1397 32
1607 1348 1733 1397 Nam
1749 1353 1803 1398 tu
1818 1347 1939 1411 sola]
1976 1347 2274 1411 AEtiologia.
2321 1348 2487 1399 [Δηώ.

1507 1424 1641 1472 Num
1692 1427 1747 1473 tu
1802 1424 1897 1472 solu
1942 1428 2092 1486 potes,
2143 1423 2252 1486 qm]
2335 1424 2507 1488 Hujus

1441 1498 1543 1549 loci
1588 1501 1763 1564 lepore
1808 1505 1992 1563 captus
2047 1499 2299 1562 Papinius
2337 1500 2504 1550 Theb.

1440 1580 1489 1627 8.
1535 1580 1649 1627 295.
1699 1575 2019 1639 Lucretium,
2059 1576 2153 1640 sed
2195 1589 2300 1627 non
2345 1576 2511 1640 aquis

1441 1652 1694 1716 passibus,
1718 1660 1775 1702 ut
1796 1651 1876 1716 fit,
1914 1653 2180 1718 sequitnr3
2215 1652 2304 1704 ubi
2345 1652 2508 1702 bella-

1441 1735 1527 1779 tor
1547 1729 1634 1779 ille
1662 1728 1862 1791 furens,
1886 1737 2249 1782 occurrentem
2281 1730 2383 1780 sibi
2404 1730 2513 1779 Ve-

1437 1820 1636 1869 nerem,
1690 1807 1955 1872 multaque
2004 1821 2122 1857 cnm
2161 1820 2226 1856 eo
2265 1805 2332 1855 de
2369 1806 2510 1857 bello

1436 1882 1707 1948 Thebano,
1743 1882 1879 1948 qnod
1903 1881 2147 1944 instabat,
2168 1882 2504 1946 expostulan-

1440 1966 1562 2023 tem,
1598 1959 1663 2010 de
1695 1973 1850 2011 curru
1883 1957 2126 2010 desiliens
2150 1958 2505 2022 amplectitur,-

1437 2036 1697 2101 dictisque
1714 2036 1794 2086 ita
1815 2035 2010 2088 mulcet
2040 2034 2235 2085 amicis.
2268 2034 2284 2063 ‘
2304 2036 2354 2086 Ο
2378 2032 2510 2082 mihi

1439 2113 1688 2164 bellorum
1724 2113 1947 2177 requies,
1982 2118 2039 2162 et
2065 2125 2224 2161 sacra
2246 2111 2507 2175 voluptas,

1437 2191 1657 2255 Unaque
1680 2202 1781 2253 pax
1803 2188 1989 2251 animo,
2010 2187 2108 2237 soli
2127 2186 2213 2237 cui
2239 2191 2388 2236 tauta
2411 2199 2502 2250 po·

1437 2273 1600 2317 testas
1641 2267 1917 2328 Divormn,
1959 2263 2337 2329 hominumque,
2379 2262 2506 2313 mels

1436 2358 1713 2396 occurrere
1735 2343 1852 2393 telis
1875 2341 2130 2405 Impune‚’
2166 2343 2265 2390 dcc.
2305 2339 2474 2400 Preig.

1501 2426 1566 2472 33
1603 2420 1864 2484 Quoniam]
1900 2416 2171 2480 Αἰτωλαγία
2203 2415 2505 2479 trinomias.

1434 2503 1553 2567 quia
1572 2500 1795 2567 (inquit)
1817 2501 1958 2549 Mars
1976 2498 2100 2548 belli
2117 2496 2431 2559 moderator,
2450 2502 2506 2545 et

1435 2578 1676 2627 dominus
1692 2582 1791 2639 est,
1806 2576 1895 2640 qui
1910 2573 2023 2638 tibi,
2036 2581 2094 2624 ut
2110 2572 2499 2636 amaus,servit.

1438 2652 1608 2704 Lamb.

1497 2729 1724 2794 Mavors]
1781 2728 1924 2778 Mars
1972 2740 2062 2777 seu
2108 2726 2341 2789 Mavors,
2382 2726 2504 2791 quia

1433 2822 1622 2872 magna
1643 2813 1837 2869 vertat,
1854 2794 2169 2870 appellatus.
2191 2804 2360 2855 Marc.
2379 2803 2500 2852 Tul-

1431 2886 1530 2937 lius
1554 2887 1685 2937 libro
1706 2883 1934 2936 seeundo
1951 2883 2217 2933 denatura
2238 2882 2493 2932 Deorum.

1497 3045 1562 3092 84
1594 3039 1920 3113 Armipotens]
1951 3040 2098 3103 Virg-
2134 3037 2247 3089 AEn.
2289 3041 2343 3086 0.
2386 3039 2502 3086 717.

1435 3118 1451 3146 ‘
1473 3118 1577 3168 Hic
1621 3119 1769 3168 Mars
1807 3118 2121 3182 armipotens
2158 3113 2401 3175 animum,
2426 3113 2501 3162 vi·

1431 3193 1644 3258 reisque
1666 3192 1865 3244 Latinis
1891 3189 2152 3241 Addidit.'
2183 3187 2351 3238 Lamo.

1454 3296 1468 3309 ·
1498 3270 1562 3319 In
1593 3268 1852 3333 gremium]
1889 3265 2110 3317 Ovidius
2144 3265 2403 3314 Venerem
2427 3262 2504 3311 ila

1431 3346 1487 3395 in
1532 3345 1645 3395 sinu
1683 3341 1938 3393 Adonidis
1976 3340 2204 3391 collocat
2246 3340 2381 3388 Met.
2421 3342 2504 3387 lo.

1433 3424 1548 3470 658.
1612 3420 1628 3447 ‘
1645 3417 1811 3483 Inque
1830 3416 1944 3466 sinu
1969 3413 2182 3482 ,ingenis
2204 3414 2374 3476 posita
2395 3426 2504 3461 cer-

1436 3499 1550 3549 vice
1584 3498 1795 3548 reclivis
1817 3496 1904 3547 Sic
1925 3496 2018 3557 ait,
2042 3508 2105 3542 ac
2140 3492 2323 3541 mediis
2345 3491 2504 3540 inter·

1434 3576 1565 3626 serit
1583 3573 1758 3625 oscula
1774 3571 1982 3622 verbis-³
2019 3570 2152 3620 Huc.

1499 3651 1659 3715 Saepe]
1718 3649 1838 3700 Hoc
1880 3655 2002 3712 apte
2047 3643 2311 3695 concludit
2361 3641 2505 3709 inde,

1435 3728 1572 3796 quod
1596 3735 1793 3779 aeteruo
1813 3739 1986 3776 amore
2008 3720 2282 3773 devinctus
2304 3720 2376 3771 sit
2397 3720 2498 3769 Ve-

1435 3807 1568 3858 neri.
1603 3805 1774 3868 Preig.
2284 3817 2288 3822 ·

1500 3888 1564 3934 86
1606 3879 1815 3948 Rffcit]
1846 3880 2133 3938 Instaurat,
2154 3882 2212 3928 et
2245 3874 2505 3940 amplexu,

1436 3962 1565 4023 otio,
1581 3961 1938 4021 suavitateque
1974 3968 2194 4006 venerea
2219 3957 2429 4017 reparat
2450 3958 2507 4001 et

1436 4044 1655 4087 renovat
1667 4035 1733 4085 ad
1745 4035 1879 4085 bella
1894 4030 2152 4082 robustius
2163 4026 2503 4092 capessenda,

1426 4114 1584 4179 juxta
1603 4110 1914 4164 ovidianam
1939 4104 2283 4158 seutentiam:
2315 4104 2330 4131 ‘
2348 4100 2506 4156 Quod

1438 4196 1584 4240 caret
1603 4189 1807 4239 alterna
1826 4186 2003 4251 requie
2022 4182 2256 4233 durabile
2279 4194 2380 4230 nou
2405 4184 2508 4230 est.

1441 4266 1578 4317 Haec
1600 4269 1815 4329 reparat
1835 4262 1994 4311 vires:
2019 4256 2262 4321 fessaque
2276 4252 2509 4321 membra

1440 4342 1637 4394 novat!
1685 4343 1768 4393 Ex
1789 4334 2161 4391 consuetudine
2183 4332 2356 4398 prisca
2376 4330 2506 4380 duas
