3009 4925
526 481 594 529 T.
641 478 997 529 LucRE'rn
1044 476 1225 526 CAR!
1278 474 1379 524 Da
1427 473 1688 526 RERUM
1740 475 1916 525 NAT.
1969 476 2111 523 mn.
2161 477 2206 523 l.

2297 459 2467 525 1029

304 613 546 676 sententia
565 640 689 674 vera
706 631 867 688 esset,
890 638 954 674 ex
978 622 1236 687 lapidibus
1260 621 1339 670 iu·
1413 620 1642 671 effluere.
1693 621 1821 671 Cum
1847 627 2018 670 autem
2042 620 2118 670 ita
2142 634 2344 683 semper
2363 619 2470 669 edi-

305 716 380 757 ter
400 722 452 756 se
489 706 723 757 contritis
746 706 989 765 calorem,
1024 705 1059 753 i.
1084 717 1130 751 e.
1167 702 1338 767 ignem

1416 698 1600 760 derim,
1620 698 1822 763 quidam
1846 696 2094 747 barbarus
2127 695 2471 745 calumniatur

306 799 517 835 manare.
580 783 714 833 Haec
743 783 847 832 ille.
914 779 1073 833 Quasi
1114 793 1179 827 ex
1211 777 1339 850 lapi·
1415 792 1499 827 me
1543 776 1789 839 edidisse,
1820 776 1835 803 ‘
1861 788 2067 826 manare
2106 773 2365 834 calorem,’
2401 787 2471 823 ex

308 862 445 911 dibus
468 859 702 911 contritis
719 858 956 909 scintillas
977 870 1077 905 non
1096 856 1339 906 exiliant:

306 939 524 1002 ejiciatur
545 937 702 1001 igitur
724 935 805 984 bic
828 947 1008 984 versus
1032 939 1137 982 tam
1155 933 1343 994 impor-

311 1023 451 1064 tunus
488 1022 541 1063 et
584 1012 803 1074 inutilis,
851 1024 918 1060 ne
958 1008 1136 1060 forsan
1171 1007 1346 1072 aliqui,

309 1091 432 1154 quod
460 1090 568 1155 jam
608 1091 778 1151 Fayus
800 1086 949 1150 fecit,
970 1101 1035 1136 ex
1053 1100 1117 1135 eo
1140 1085 1347 1135 conclu·

308 1167 475 1217 duent
514 1166 811 1216 Lucretium
846 1163 1104 1225 docuisse,
1126 1175 1345 1226 corpora

305 1251 467 1294 nostra
525 1244 666 1293 saxis
720 1248 776 1292 et
825 1240 1086 1305 lapidibus
1140 1240 1346 1290 nutriri.

307 1319 558 1385 Interprcs
615 1319 708 1368 tali
748 1317 950 1368 ferculo
998 1317 1350 1380 dignissimus.

310 1397 485 1449 Creech.
548 1398 672 1446 Cum
706 1395 869 1460 lapidi.
902 1394 1035 1443 Vide
1052 1394 1175 1445 Var.
1197 1393 1349 1446 Lect.

309 1474 672 1524 Exterminavit
706 1475 787 1537 (et
820 1471 1028 1537 quidem
1047 1467 1216 1535 recte)
1251 1472 1346 1520 Fa·

308 1551 408 1616 ber,
438 1549 683 1602 ‘defendit
724 1549 952 1599 Turneb.
995 1547 1130 1598 Λᾶν.
1173 1555 1221 1599 5.
1263 1553 1348 1601 24.

308 1629 502 1678 Vossius
525 1636 678 1692 pater
699 1632 927 1677 testatur
960 1625 1012 1674 in
1047 1625 1153 1674 suis
1188 1638 1346 1675 mem-

310 1706 467 1756 branis
483 1697 737 1770 scriptum
760 1704 884 1752 Cam
903 1702 1051 1767 lapidi
1067 1702 1120 1750 in
1142 1704 1347 1766 lapidem

308 1787 342 1830 t.
373 1798 430 1831 m.
455 1800 496 1832 c.
530 1784 581 1832 in
605 1781 857 1831 addendis
891 1781 956 1830 ad
990 1796 1037 1830 c.
1069 1784 1151 1830 12.
1190 1781 1276 1832 lib.
1296 1785 1348 1830 2.

309 1859 367 1908 de
390 1859 535 1910 Anal.
569 1859 704 1910 Hae.
771 1858 894 1908 Cum
925 1858 1092 1922 lapidi,
1111 1860 1190 1923 ξε.
1244 1858 1348 1907 De-

309 1938 498 1989 lendum
520 1941 656 1990 hunc
675 1953 880 1993 versum
894 1945 1073 1988 monet
1097 1937 1350 2002 margina-

310 2015 366 2064 lis
388 2026 554 2068 noster
573 2024 869 2068 annotator.
938 2016 1128 2078 Recte,
1156 2022 1217 2065 ut
1240 2015 1351 2078 opi-

309 2106 424 2141 nor:
459 2102 539 2144 est
575 2095 714 2144 enim
748 2092 1126 2158 ἂπροσδιόνυσος*
1152 2106 1250 2141 nec
1272 2089 1352 2140 fa·

310 2172 373 2220 cit
390 2172 450 2221 ad
469 2172 774 2222 Rhombum.
798 2173 1049 2235 glossema
1072 2176 1270 2218 tantum
1296 2175 1353 2218 et

311 2250 587 2306 marginalis
629 2250 896 2298 annotatio
934 2247 1122 2311 partim
1166 2245 1231 2295 ad
1281 2243 1353 2306 id,

311 2327 433 2388 quod
470 2328 604 2377 dixit
639 2325 814 2391 poeta,
863 2324 1112 2375 ‘Mittere
1152 2323 1351 2385 signum

310 2404 607 2468 sanguinis3’
676 2403 863 2468 partim
910 2401 974 2451 ad
1020 2400 1072 2449 id
1113 2398 1251 2465 quod
1288 2397 1353 2447 de

311 2480 327 2506 4
346 2479 562 2545 frugibus
626 2482 813 2531 robore
877 2481 988 2530 saxi
1041 2475 1358 2540 frangendis’

311 2554 447 2606 dixit.
479 2557 744 2607 Caeterum
775 2570 867 2620 pro
888 2556 1084 2604 terimus
1106 2557 1354 2615 corrupte

313 2631 503 2695 quidam
522 2633 662 2683 liber
683 2633 787 2682 Ma.
812 2633 959 2682 Voss.
976 2637 1199 2681 tenemus.
1246 2632 1356 2681 Pro

310 2711 735 2775 ποτηρίων-ιω
749 2723 927 2759 vocem
944 2709 1089 2759 nihili
1111 2708 1353 2758 babebat.

370 2862 621 2928 Curarem]
653 2861 911 2913 Putabam
935 2861 1059 2912 ferri
1083 2876 1186 2911 non
1207 2877 1356 2926 posse

311 2935 434 2988 hanc
446 2938 723 2988 lectionem
749 2939 1029 3003 vulgatam,
1049 2953 1241 2989 manare
1252 2954 1356 2988 cru·

311 3028 457 3066 orent:
489 3016 671 3082 (quam
693 3016 759 3066 ob
780 3030 890 3065 rem
914 3016 1050 3065 enim
1081 3017 1353 3066 convenie-

310 3089 394 3141 bat
429 3108 492 3142 cx
528 3093 788 3158 lapidibus
831 3093 969 3143 inter
1008 3107 1064 3142 se
1087 3093 1277 3143 collisis
1298 3099 1355 3143 et

313 3169 540 3220 contritis
561 3184 800 3220 cruorem
823 3184 1030 3219 manare
1049 3168 1092 3234 ?)
1156 3171 1356 3235 Legen-

312 3241 527 3311 dumque
571 3261 705 3309 esse,
731 3261 925 3298 manare
963 3248 1196 3307 calor-enm
1251 3248 1284 3298 i.
1308 3263 1357 3299 e.

312 3319 490 3389 ignesn,
513 3339 605 3374 seu
628 3322 915 3375 flammam:
955 3332 1011 3374 ut
1035 3324 1105 3374 sit
1134 3324 1217 3375 bic
1256 3326 1358 3375 Lu-

313 3401 455 3449 cretii
479 3398 690 3463 sensus3
723 3401 1096 3465 Conveniebat,
1120 3402 1162 3451 si
1186 3400 1360 3451 Anax·

315 3489 475 3539 agorae
499 3478 759 3528 sententia
776 3492 899 3527 vera
912 3486 1065 3536 esset,
1088 3492 1153 3528 ex
1176 3478 1360 3544 lapidi-

316 3550 403 3602 bus
426 3554 563 3605 inter
598 3569 656 3605 se
694 3555 929 3605 contritis
970 3555 1211 3616 calorem,
1256 3554 1289 3605 i.
1311 3569 1360 3605 e.

316 3628 499 3695 iguem,
520 3645 760 3681 manare:
798 3631 889 3681 sed
921 3632 1149 3682 Turncb.
1175 3632 1259 3682 cui
1284 3648 1362 3682 as·

316 3707 524 3772 sentior,
549 3715 819 3773 receptam
853 3710 1125 3760 lectionem
1154 3709 1367 3773 retinet,

316 3788 370 3830 et
390 3784 480 3846 ait,
513 3784 675 3833 verba
711 3784 818 3848 illa,
850 3789 871 3814 4
891 3785 1018 3834 Cum
1055 3785 1214 3849 lapidi
1234 3787 1365 3850 lapi·

319 3855 428 3906 dem
475 3860 726 3910 terimus.'
763 3861 1099 3926 intelligenda
1137 3876 1253 3911 esse
1298 3861 1365 3912 de

318 3935 535 3998 quodam
556 3937 781 3986 molendi
805 3952 1019 4002 genere,
1051 3939 1103 3987 iu
1125 3953 1228 4004 quo
1258 3939 1274 3967 4
1294 3939 1366 3988 la-

316 4006 393 4075 pis
408 4013 633 4077 lapidem
651 4012 821 4077 terit?
848 4022 906 4065 ut
925 4023 1009 4065 est
1030 4016 1169 4080 apud
1188 4017 1365 4066 Plaut.

319 4087 517 4139 Asinar.
549 4091 567 4120 4
587 4090 727 4139 Num
745 4105 825 4140 me
850 4092 972 4141 illuc
995 4092 1158 4155 ducis,
1180 4092 1269 4142 ubi
1291 4092 1367 4141 la·

319 4167 643 4232 pis‘lapidem
677 4170 801 4220 terit
823 4170 860 4220 2’
901 4178 959 4222 ut
997 4174 1068 4222 sit
1100 4172 1210 4223 baec
1250 4184 1366 4223 sen-

319 4242 476 4293 tentia
501 4260 516 4293 :
570 4246 942 4311 conveniebat,
995 4263 1060 4298 ex
1117 4247 1370 4314 frugibus,

319 4330 430 4369 cum
464 4335 544 4370 eae
582 4321 839 4386 lapidibus
879 4324 1078 4373 duobus
1121 4331 1177 4374 et
1221 4324 1369 4376 molis

321 4397 554 4448 contritis
594 4400 873 4463 moluntur,
914 4415 1151 4452 cruorem
1206 4400 1369 4451 effuse

1418 869 1503 915 eo,
1541 852 1679 918 quod
1717 852 1769 901 in
1792 858 2076 901 erratorum
2100 847 2476 900 emendationi·

1418 929 1515 979 bus
1533 930 1786 993 scriptum
1809 927 2002 990 fuerat,
2031 940 2222 976 manare
2242 927 2443 975 calorem
2458 940 2476 972 .-

1420 1006 1556 1071 quod
1578 1019 1754 1055 errore
1776 1004 1973 1054 librarii
2009 1001 2210 1052 factum
2253 1008 2353 1064 est,
2387 1001 2478 1065 qui

1420 1083 1568 1133 initio
1607 1081 1846 1132 ediderat
1880 1094 2073 1130 manare
2110 1079 2331 1139 colorem,
2376 1091 2470 1140 pro

1420 1174 1611 1210 menore
1631 1173 1857 1222 wreus,
1881 1171 1995 1205 mco
2015 1155 2246 1219 injussu:
2295 1153 2477 1203 statim

1423 1245 1596 1286 autem
1614 1251 1707 1286 suo
1727 1248 1901 1285 errore
1920 1231 2148 1296 cognito,
2169 1230 2222 1279 in
2245 1229 2479 1279 omnibus

1421 1313 1672 1376 exemplis
1693 1325 1884 1361 manare
1912 1322 2121 1358 cruorem
2155 1307 2477 1368 restituerat,

1421 1390 1558 1452 quod
1580 1389 1815 1439 nesciens
1836 1388 2095 1452 jusseram
2118 1384 2169 1433 in
2191 1391 2480 1433 erratorum

1422 1483 1688 1518 numerum
1733 1467 1831 1517 boc
1876 1463 2084 1516 referri:
2130 1461 2267 1528 quod
2313 1459 2479 1511 fecit:

1421 1543 1577 1610 idque
1612 1555 1874 1607 perverse.
1930 1541 2065 1591 Nam
2108 1552 2224 1589 curu
2265 1544 2403 1587 esset
2426 1537 2480 1586 in

1422 1628 1673 1673 contextu
1693 1633 1885 1670 more
1916 1630 2145 1678 morem,
2178 1622 2358 1665 recte:
2391 1615 2481 1664 ille

1422 1698 1560 1749 inter
1577 1705 1860 1747 erratorum
1875 1692 2265 1744 emendationes
2287 1691 2484 1754 posuit,

1423 1789 1614 1825 mmm-e
1634 1775 1849 1824 colorem.
1879 1770 2056 1822 Lamb.
2112 1770 2357 1818 cruorem.
2393 1766 2480 1816 lta

1424 1867 1600 1903 omues
1623 1852 1761 1901 libri.
1825 1849 1970 1899 Male
2001 1859 2126 1911 ergo
2161 1844 2479 1894 Lambinus:

1422 1931 1637 1980 calorem.
1670 1927 1780 1979 Gif.
2043 1941 2048 1944 ·

1489 2009 1589 2055 886
1620 2000 1834 2065 Retices]
1867 2001 2060 2066 Aquas.
2090 1998 2259 2048 obiter
2282 1996 2483 2062 aperia-

1424 2098 1538 2133 mus
1571 2083 1743 2132 locum
1779 2079 1917 2144 apud
1955 2078 2228 2142 Pupiniam
2259 2077 2401 2140 sylv.
2433 2082 2484 2127 4.

1425 2164 1474 2209 7.
1499 2165 1581 2210 17.
1606 2159 1829 2209 nondum
1852 2157 1977 2208 satis
1999 2155 2237 2205 obvium:
2263 2153 2349 2204 ubi
2371 2156 2485 2205 Do·

1426 2235 1601 2286 mitius
1634 2235 1791 2299 culpa
1824 2241 1996 2283 tamen
2016 2229 2249 2281 mendosi
2272 2228 2484 2294 codicis,

1426 2311 1709 2361 foedissime
1752 2318 1834 2360 est
1879 2310 2073 2373 lapsus.
2135 2307 2154 2334 4
2177 2304 2355 2368 Ecce,’
2409 2305 2486 2355 in·

1426 2390 1559 2454 quit,
1592 2390 1608 2417 4
1629 2402 1711 2438 me
1739 2394 1914 2436 natum
1934 2384 2181 2450 propiore
2206 2390 2346 2432 terra
2363 2381 2486 2432 Non

1429 2473 1601 2516 tamen
1626 2472 1783 2531 portu
1797 2464 2026 2514 retinent
2042 2475 2239 2512 amoeno
2261 2459 2488 2512 Desidet

1427 2543 1597 2606 Baiae,
1632 2543 1891 2593 laticenve
1926 2546 2081 2588 notus
2111 2537 2361 2587 Hectoris
2381 2551 2488 2587 am·

1426 2621 1540 2672 nis!
1573 2619 1916 2672 scribendum
1931 2633 1998 2667 ex
2022 2616 2202 2681 priscis
2223 2617 2488 2680 exempla-

1431 2700 1593 2763 ribus,
1621 2698 1840 2748 liticenve
1875 2701 2013 2746 notus
2057 2694 2284 2745 Hectoris
2311 2693 2487 2742 aruris:

1432 2784 1489 2827 et
1524 2775 1773 2839 intelligit
1825 2789 1882 2823 se
1919 2774 2064 2822 nulla
2104 2784 2201 2820 nec
2239 2771 2489 2820 Baiarum

1433 2867 1533 2904 nec
1548 2854 1738 2904 Miseni
1762 2850 1931 2902 teneri
1956 2845 2258 2912 voluptifica
2279 2844 2490 2895 amoeni·

1432 2938 1564 2983 tate.
1594 2931 1795 2981 Scimus
1806 2928 1965 2977 etiam
1984 2927 2243 2976 Misenum
2267 2923 2318 2972 in
2339 2922 2489 2973 Cam·

1434 3009 1592 3075 panis
1611 3015 1851 3057 vocatum
1893 3019 1925 3053 a
1958 3002 2163 3052 Miseno
2195 3000 2284 3049 illo
2317 2998 2496 3049 Maro-

1430 3086 1587 3136 niano
1602 3084 1709 3133 illic
1732 3081 1939 3146 sepulto
1960 3097 1974 3130 ε
2012 3078 2100 3145 qui
2119 3076 2222 3127 fuit
2245 3074 2491 3126 Hectoris

1428 3166 1629 3223 liticen,
1641 3164 1739 3213 boc
1756 3168 1857 3222 est,
1875 3160 2339 3220 =litunm,retortam
2355 3152 2495 3203 vide-

1429 3242 1553 3293 licet
1579 3241 1773 3303 tubam,
1812 3235 2063 3297 inflabat3
2096 3233 2164 3283 de
2203 3246 2305 3295 quo
2340 3231 2494 3281 Maro

1433 3327 1586 3369 sexto
1626 3318 1742 3367 AEn.
1779 3313 1945 3380 (unde
1987 3312 2101 3361 baec
2141 3309 2364 3360 Statium
2406 3308 2495 3357 de-

1433 3395 1701 3459 scripsisse
1722 3400 1814 3441 aut
1834 3391 2089 3441 colorasse
2110 3382 2496 3449 contenderim)

1436 3490 1513 3525 vs.
1556 3476 1672 3522 16⁷.
1728 3471 1744 3498 ‘
1771 3470 1840 3519 Et
1884 3467 2013 3515 lituo
2049 3476 2246 3528 pugnas
2277 3459 2494 3524 insignis

1434 3550 1616 3601 obibat
1638 3556 1691 3597 et
1710 3543 1895 3596 basta!
1931 3543 2074 3592 Pius.
2123 3540 2313 3589 Lances
2324 3537 2498 3586 dulcis.

1435 3625 1624 3677 laticis
1644 3623 1814 3686 dulcis,
1849 3619 2002 3670 male.
2042 3613 2152 3676 Gis.
2222 3615 2289 3663 Et
2310 3613 2493 3663 latices.

1438 3704 1528 3754 Sic
1549 3699 1856 3766 legendum:
1889 3695 2042 3746 etita
2067 3692 2261 3742 babent
2295 3698 2402 3740 tres
2433 3689 2498 3739 li-

1438 3782 1520 3833 bri
1541 3774 1913 3839 manuacripti:
1947 3771 2247 3838 quibuscum
2285 3781 2499 3817 consen-

1441 3860 1581 3910 tiunt
1599 3857 1689 3908 lib.
1714 3854 1884 3905 Paris.
1904 3848 2098 3900 Veneti
2138 3845 2304 3910 antiq.
2337 3843 2498 3894 Vice-

1440 3936 1556 3998 tini,
1576 3936 1591 3963 ‘
1612 3930 1867 3984 consimili
1882 3917 2324 3989 ratione’onquit)
2345 3920 2361 3947 ⁴
2376 3933 2499 3969 eon-

1441 4011 1702 4073 veniebat,
1733 4002 1954 4066 herbas,’
1999 3999 2181 4066 quibus
2217 4003 2499 4060 pascuntur

1440 4088 1673 4156 pecudes
1695 4103 1710 4137 t
1746 4094 1803 4136 et
1827 4085 2030 4144 latices,
2053 4080 2087 4129 i.
2107 4093 2152 4127 e.
2170 4090 2350 4140 aquas,
2370 4087 2497 4138 quas

1439 4173 1644 4233 potant,
1668 4170 1840 4230 guttas
1863 4158 2078 4220 dulceis,
2096 4161 2154 4205 et
2174 4150 2332 4202 lactei
2350 4163 2500 4213 sapo-

1441 4247 1533 4309 ris,
1555 4245 1784 4294 mittere.
1823 4237 1990 4289 Lamo.
2059 4234 2128 4282 Et
2162 4231 2336 4280 laticis.
2398 4228 2496 4277 Le·

1441 4324 1558 4372 tices
1595 4334 1661 4369 ex
1682 4315 1850 4369 Codd.
1892 4309 2189 4371 Lambinus,
2225 4304 2498 4357 convente·

1445 4398 1537 4448 bat
1558 4395 1694 4445 enim
1707 4392 1911 4453 latices,
1948 4389 1984 4438 i.
2001 4402 2050 4437 e.
2083 4396 2238 4450 aquas
2263 4394 2388 4447 quas
2408 4391 2512 4441 po·-
