3009 4925
454 438 525 492 τ.
570 435 926 491 Lucnarn
976 433 1155 487 osui
1204 436 1304 488 nn
1350 434 1621 486 nauum
1668 411 1845 486 ris-iu
1893 436 2038 488 mn.
2084 436 2166 487 ιι.
2252 422 2425 498 1179

228 589 448 648 ειη-ιιι,
471 597 632 648 genus
652 596 766 633 esse
782 582 1024 648 loquendi
1042 596 1143 632 non
1166 580 1293 631 satis

228 663 436 714 Latinis
457 662 717 712 usitatum.
784 662 958 713 Quare
981 662 1142 710 tutius
1170 673 1289 710 esse

226 738 546 802 scripturam
569 737 830 801 antiquam
854 735 1108 798 integram
1131 743 1290 799 atque

226 812 483 863 intactam
516 812 761 875 retinere,
792 812 994 862 etiamsi
1032 810 1146 876 ejus
1178 826 1292 861 sen-

228 889 401 940 tentia
443 887 663 939 obscura
707 890 793 939 sit.
858 889 1045 939 Dicam
1100 895 1293 951 tamen,

228 963 369 1029 quod
393 965 582 1023 sentio,
599 963 781 1028 libere,
803 964 882 1014 bis
906 964 1074 1014 tribus
1102 962 1291 1014 versib.

230 1038 475 1100 sublatis,
520 1040 708 1090 ‘Neve
755 1039 945 1104 putes,’
988 1043 1087 1090 dte.
1127 1041 1291 1091 ‘Cor-

227 1115 370 1180 poris
415 1114 616 1180 prima‚’
660 1120 758 1166 &cu
847 1116 864 1145 ‘
897 1115 1094 1179 Rebus,
1129 1124 1184 1166 et
1218 1116 1291 1165 in·

227 1190 477 1255 terdum,’
497 1193 598 1242 διο.
631 1192 757 1241 nihil
789 1192 855 1242 de
879 1192 1032 1257 liujus
1054 1193 1156 1243 loci
1178 1208 1291 1243 seu·

230 1268 406 1319 tentia
444 1269 830 1333 deperiturum:
866 1270 987 1335 qulu
1025 1270 1178 1321 etiam
1202 1285 1290 1320 eo·

225 1358 344 1394 rum
363 1346 672 1410 interpositu
689 1347 998 1396 seutentiam
1019 1352 1181 1396 totam
1199 1346 1290 1398 ob·

224 1422 426 1471 seurari
480 1431 538 1471 et
570 1422 848 1486 corrumpi.
901 1422 1069 1472 Loub.
1157 1422 1292 1473 Neve

218 1502 366 1561 pates
404 1503 584 1548 aterna
622 1512 780 1562 penes,
825 1501 905 1560 dfe.
985 1499 1073 1550 Ita
1113 1514 1289 1551 omnes

224 1579 436 1624 veteres
476 1573 616 1624 libri.
683 1573 969 1625 Marullus:
1016 1590 1202 1639 puram,
1233 1582 1290 1626 et

226 1648 305 1699 ita
359 1650 595 1714 Vulgati,
646 1664 708 1700 ac
763 1650 1075 1702 Lambinus:
1136 1653 1288 1703 male.

225 1723 245 1752 ‘
262 1724 516 1775 Residere
540 1739 700 1789 penes
724 1731 919 1775 aterna
937 1725 951 1746 '
983 1725 1146 1792 (quod
1170 1743 1286 1792 pro-

223 1799 444 1852 fundum
483 1801 609 1852 alibi
652 1799 829 1866 vocat)
872 1809 947 1866 et,
988 1803 1079 1852 ‘in
1118 1817 1289 1854 rerum

223 1883 448 1941 aspectu
470 1892 533 1928 ac
557 1874 692 1928 facie
720 1877 965 1939 exstare‚'
987 1880 1288 1943 opposuisse

227 1955 438 2005 videtur
475 1952 650 2020 poeta.
698 1953 807 2015 Gis.
876 1955 1045 2005 Locus
1084 1957 1288 2007 omnino

226 2030 474 2082 difficilis.
537 2031 803 2081 Turnebus
839 2031 1028 2095 ‘penes
1059 2031 1287 2082 aeterua'

224 2108 382 2159 sunit
404 2122 498 2172 pro
531 2107 743 2158 aeternis
774 2107 950 2170 textis,
990 2107 1126 2173 quod
1165 2108 1286 2158 mibi

224 2184 375 2234 nimis
400 2184 655 2246 Stoicum,
679 2182 827 2233 nimis
846 2181 1079 2249 μετέωρον
1101 2192 1157 2236 et
1178 2201 1283 2235 me-

226 2261 556 2327 taphysicum
614 2258 840 2323 videtur,
894 2276 1050 2326 quam
1103 2269 1164 2312 ut
1212 2263 1286 2313 ita

225 2339 422 2389 sentire
444 2339 741 2389 Lucretium
764 2338 1073 2388 existimem.
1135 2339 1286 2389 Lam-

228 2413 380 2466 binus
403 2415 525 2467 olim
561 2414 881 2466 existimavit
913 2428 1008 2479 pro
1034 2429 1176 2480 penes
1212 2417 1283 2466 le·

227 2492 453 2557 gendum
477 2492 648 2555 ιιιίιιιισ,
669 2491 954 2558 quod'mihi
985 2491 1037 2540 in
1058 2497 1284 2543 mentem

225 2569 387 2621 etiam
412 2575 646 2630 venerat,
662 2568 959 2634 priusquam
974 2567 1133 2631 ipsius
1150 2582 1285 2618 eom-

225 2649 514 2699 mentarios
548 2647 820 2712 legissem:
854 2647 953 2713 (ita
989 2653 1134 2697 certe
1154 2648 1285 2699 ratio

225 2722 515 2790 postulata)
557 2724 648 2775 sed
692 2723 813 2790 quia
854 2723 1204 2774 duriusculum
1238 2725 1288 2774 ei

224 2800 456 2863 videtur,
473 2815 693 2865 corpora
711 2800 881 2865 prima
894 2801 1125 2852 resident
1138 2809 1288 2852 ater·

224 2890 317 2945 ua,
351 2875 473 2926 ideo
505 2877 607 2927 alio
639 2876 892 2942 confugit,
927 2885 986 2928 ut
1021 2879 1167 2929 dicat
1196 2880 1289 2930 hos

228 2960 340 3004 tres
378 2966 577 3017 versus,
608 2954 697 3018 qui
732 2959 904 3004 tamen
936 2954 1061 3004 mibi
1081 2970 1288 3020 magno·

226 3044 357 3093 pere
382 3030 678 3093 Lucretiani
696 3029 959 3093 videntur,
975 3032 1086 3082 tolli
1108 3047 1290 3096 posse3

224 3106 312 3158 vel
346 3106 419 3156 ita
465 3105 826 3171 explicandum
859 3105 919 3155 τὸ
943 3108 1187 3173 residere,
1230 3116 1293 3161 ut

223 3182 574 3247 privationem
590 3182 656 3233 ab
681 3183 815 3232 omni
838 3191 984 3233 motu
996 3184 1251 3248 significet
1270 3202 1288 3248 ς

222 3265 284 3309 et
327 3258 345 3286 ‘
368 3272 530 3323 penes
581 3258 811 3321 aeterua,’
858 3261 1085 3325 positum
1131 3260 1292 3313 fuerit

225 3351 328 3402 pro
363 3337 380 3364 ‘
399 3351 558 3401 penes
596 3337 973 3388 aeternitatem?
1036 3338 1139 3389 Sed
1173 3354 1289 3389 eam

225 3426 434 3479 quoqne
476 3414 786 3464 sementiam
831 3414 1055 3479 ipsemet
1083 3415 1289 3467 Lambi-

224 3505 325 3543 nus
355 3490 457 3541 sibi
480 3505 580 3541 non
604 3492 734 3541 satis
757 3491 965 3556 probari
993 3492 1183 3543 ibidem
1207 3508 1288 3545 os-

226 3567 434 3629 tendit3
470 3576 526 3618 et
543 3568 728 3618 merito
751 3568 981 3634 quidem.
1049 3570 1289 3622 Gifanins

228 3645 309 3697 ita
331 3645 541 3696 scribit:
583 3646 599 3673 ‘
619 3645 708 3695 Ita
726 3660 776 3696 o.
798 3661 848 3696 v.
882 3647 920 3696 l.
952 3647 1165 3699 Marull.
1200 3664 1286 3713 pa·

229 3737 359 3783 rm,
383 3727 440 3771 et
460 3722 536 3771 ita
559 3721 695 3786 vulg.
716 3736 777 3772 ac
801 3722 982 3773 Lamb.
1001 3725 1156 3775 male.
1180 3728 1288 3775 ‘re-

222 3796 400 3848 sidere
438 3810 600 3861 peues
644 3796 856 3847 aeterna'
886 3798 1047 3863 (quod
1083 3799 1291 3866 profun-

222 3874 349 3926 dum
367 3874 494 3925 alibi
514 3873 687 3936 vocat)
702 3879 779 3938 et,
793 3878 808 3904 ‘
824 3875 877 3924 in
890 3889 1061 3925 rernm
1072 3875 1289 3941 adspec-

226 3958 286 4004 ιιι
301 3966 365 4002 ac
399 3949 537 4001 facie
554 3950 799 4014 exstare,'
824 3953 1126 4016 opposuisse
1148 3953 1288 4004 vide-

227 4036 317 4081 tur
338 4026 535 4093 poeta!
602 4027 686 4079 Ex
706 4027 890 4093 quibus
910 4030 1105 4094 liquido
1127 4032 1290 4081 cuivis

218 4114 471 4158 constare
492 4104 679 4168 possit,
720 4104 821 4155 vim
849 4106 1126 4157 sententiae
1150 4109 1291 4160 nulla

225 4183 439 4235 omnino
470 4181 675 4231 ratione
710 4189 1000 4234 assecutum
1023 4198 1138 4234 eum
1160 4199 1290 4237 esse.

223 4259 334 4311 Sed
377 4257 471 4308 nbi
513 4257 639 4308 illud
684 4258 892 4309 tandem
931 4259 1069 4324 apud
1101 4262 1290 4313 Luere-

238 4335 387 4400 tinm,
439 4339 503 4385 ιιι
542 4331 915 4399 ‘profundum'
950 4350 1045 4402 pro
1085 4338 1293 4391 aeternis

1369 580 1638 630 sumatur?
1683 585 1884 644 querat
1924 580 2100 632 modo.
2166 581 2299 632 Nam
2332 595 2427 632 nos

1364 654 1424 704 τὸ
1446 657 1461 685 ‘
1484 654 1798 720 profundum
1815 655 1829 677 ’
1854 655 1908 705 in
1929 655 2026 707 hoc
2044 657 2154 721 ipso
2173 656 2308 708 libro
2330 671 2425 721 pro

1364 733 1557 800 infinito
1580 733 1710 784 sumi
1741 734 1948 784 scimus.
2012 733 2172 799 Dein,
2194 735 2309 800 qais
2330 734 2424 785 du·

1364 810 1502 860 bitet
1523 810 1694 861 omnia
1715 825 1951 875 corpora,
1986 826 2086 863 non
2123 811 2274 862 modo
2307 811 2424 861 sim·

1364 885 1523 950 plicia
1545 885 1635 936 sed
1672 894 1728 937 et
1760 893 2023 950 concreta,
2041 901 2154 938 esse
2185 887 2237 936 iu
2259 885 2426 937 infini-

1366 962 1458 1013 to?
1480 961 1569 1012 ubi
1590 962 1727 1012 enim
1760 977 1876 1013 esse
1913 970 2127 1028 queant,
2148 962 2245 1012 nisi
2268 962 2323 1011 in
2345 962 2428 1012 in·

1364 1036 1536 1101 finito,
1554 1036 1690 1089 baud
1724 1053 1848 1089 sane
1880 1039 2046 1090 video.
2112 1040 2194 1090 De
2227 1039 2425 1090 Latini-

1367 1120 1477 1164 tate
1499 1115 1574 1163 nil
1597 1113 1783 1180 dicam,
1817 1115 2011 1181 qnippe
2031 1116 2122 1181 qui
2143 1117 2244 1178 legi
2266 1117 2423 1168 sciam

1365 1188 1503 1253 apud
1524 1190 1895 1242 Tertullianum
1922 1191 1939 1220 ‘
1949 1191 2142 1256 peues'
2178 1207 2275 1259 pro
2296 1194 2312 1221 ‘
2333 1191 2422 1245 in.’

1363 1264 1669 1330 ‘Infantes,'
1716 1269 1904 1334 iuquit,
1951 1273 1967 1300 ⁴
1988 1285 2149 1335 penes
2191 1270 2423 1322 Africam

1363 1342 1588 1394 Saturno
1623 1344 2017 1397 immolabantur
2054 1347 2222 1412 palam
2257 1362 2422 1413 usque

1360 1419 1464 1484 ad‚'
1483 1423 1584 1471 dcc.
1650 1421 1714 1472 In
1737 1422 2084 1488 Apologetieo
2105 1439 2152 1474 c.
2171 1428 2255 1476 90.
2314 1425 2422 1476 Sed

1361 1497 1518 1548 missa
1537 1497 1649 1549 haec
1668 1498 1802 1549 facio
1825 1515 1843 1561 ;
1878 1513 2047 1564 neque
2081 1500 2218 1550 enim
2240 1501 2293 1550 id
2317 1501 2424 1563 agi·

1364 1577 1451 1623 tur
1470 1582 1639 1623 utrum
1664 1588 1748 1624 res
1771 1573 1875 1624 siut
1892 1574 1978 1623 ‘in
2000 1574 2297 1639 profundo,’
2329 1589 2421 1625 seu

1359 1648 1376 1676 ‘
1394 1663 1555 1713 penes
1576 1647 1813 1712 aterna?
1843 1648 1979 1715 quod
2019 1650 2147 1700 nibil
2182 1659 2291 1713 est;
2329 1651 2425 1701 sed

1361 1726 1458 1777 boc
1505 1728 1780 1786 Lucretius
1821 1729 1918 1790 ait,
1956 1743 2176 1795 corpora
2220 1745 2335 1795 quae
2368 1730 2423 1780 iu

1362 1803 1624 1854 concretis
1644 1805 1811 1868 perire
1835 1803 2096 1865 videntur,
2125 1819 2226 1856 non
2249 1805 2425 1870 perire

1363 1886 1557 1944 tamen,
1608 1894 1779 1946 neque
1829 1879 1946 1931 ideo
1999 1881 2168 1932 minus
2223 1887 2424 1933 aeterna

1361 1968 1511 2006 essex
1569 1956 1706 2022 quod
1750 1957 1930 2007 videre
1971 1956 2229 2009 debuerat
2272 1956 2423 2009 Gifa·

1361 2032 1494 2083 nina.
1559 2032 1749 2098 Itaque
1772 2039 1831 2083 ιιι
1848 2033 2075 2097 ingenue
2097 2034 2263 2086 dicam
2280 2034 2424 2100 quod

1363 2110 1552 2174 sentio,
1570 2125 1664 2176 pro
1676 2124 1819 2175 penes
1837 2110 2115 2175 legendnm
2131 2112 2422 2162 necessario

1357 2186 1578 2238 arbitror
1597 2187 1751 2238 ninus
1789 2195 1881 2238 aut
1897 2203 2087 2252 mrum,
2124 2198 2183 2238 ιιι
2221 2188 2274 2237 in
2309 2188 2417 2237 vul-

1358 2266 1511 2329 gatis.
1578 2265 1821 2331 Denique
1868 2257 1971 2316 etsi
2012 2265 2206 2315 nullum
2240 2279 2413 2315 exem·

1356 2343 1497 2406 plum
1531 2342 1753 2407 proferri
1791 2342 1980 2407 possit,
2011 2343 2065 2393 in
2086 2357 2189 2409 qno
2210 2342 2419 2393 residere

1359 2421 1590 2484 positum
1615 2418 1777 2471 fuerit
1797 2434 1895 2482 pro
1912 2434 2028 2485 esre,
2046 2434 2150 2471 uon
2173 2418 2428 2471 contiuuo

1359 2496 1603 2561 sequitur
1628 2509 1804 2546 errare
1840 2496 1981 2546 illum
2010 2497 2101 2560 qui
2143 2496 2217 2545 ita
2248 2495 2424 2546 existi-

1358 2579 1485 2622 met.
1552 2573 1712 2623 Certe
1736 2570 2008 2623 Lucretius
2028 2574 2044 2600 ⁸
2059 2570 2287 2621 manere·
2310 2571 2425 2634 plu·

1361 2649 1503 2698 rimis
1524 2648 1652 2698 locis
1672 2647 1938 2712 usurpavit
1961 2661 2057 2711 pro
2093 2646 2110 2675 ‘
2127 2646 2271 2697 esse’
2305 2646 2425 2696 aim·

1364 2724 1594 2789 pliciter.
1660 2723 1737 2774 At
1767 2723 1821 2772 ni
1843 2722 2138 2788 frequentia
2158 2723 2422 2787 exemplo-

1362 2814 1473 2850 rum
1491 2800 1785 2865 probasset,
1798 2813 1863 2850 ea
1884 2798 1952 2849 de
1969 2812 2028 2849 re
2047 2797 2422 2849 dubitaremus.

1362 2875 1467 2926 Sed
1492 2882 1553 2926 ut
1573 2890 1656 2926 res
1678 2881 1788 2926 tota
1808 2890 1912 2941 qua
1932 2874 1998 2925 de
2028 2874 2199 2939 agitur
2220 2873 2423 2939 perspi-

1362 2971 1461 3009 cue
1478 2958 1641 3022 magia
1663 2962 1934 3022 appareat,
1950 2957 2171 3020 paucula
2185 2956 2422 3022 quedam

1364 3034 1484 3084 addi
1511 3048 1725 3085 necesse
1746 3041 1843 3085 est.
1896 3034 2027 3084 Vult
2064 3033 2285 3099 probare
2321 3034 2423 3084 Lu-

1365 3112 1561 3161 cretius
1605 3118 1826 3161 mortem
1870 3110 2031 3175 ipsam
2071 3111 2146 3160 nil
2185 3125 2423 3175 prorsum

1360 3187 1417 3236 in
1439 3186 1742 3251 corporibus
1769 3185 2185 3251 primordialibus
2208 3186 2273 3235 ad
2296 3185 2425 3235 nibi-

1364 3262 1469 3312 lum
1492 3262 1753 3326 redigere,
1773 3261 1866 3310 sed
1890 3262 1955 3311 ab
1980 3276 2046 3312 ea
2066 3262 2223 3311 situm
2246 3261 2416 3325 modo,

1362 3337 1602 3402 figuram,
1646 3344 1704 3387 et
1746 3336 1848 3386 alia
1888 3337 1942 3387 id
1987 3352 2149 3400 genus
2194 3339 2413 3390 mutari:

1362 3415 1480 3466 Nec
1522 3415 1601 3464 sic
1636 3412 1889 3463 interimit
1925 3428 2064 3463 mors
2099 3428 2202 3476 res,
2240 3420 2298 3463 ιιι
2319 3429 2422 3464 ma·

1363 3491 1516 3541 teriai
1551 3503 1769 3555 corpora
1801 3487 2062 3553 conficiat,
2093 3488 2280 3554 inquit,
2311 3490 2345 3538 i.
2368 3504 2417 3539 e.

1364 3567 1623 3629 destruat,
1641 3571 1939 3616 consumat:
1976 3565 2070 3616 sed
2106 3572 2305 3617 tantum
2324 3582 2427 3616 cte·

1363 3651 1474 3695 tum
1530 3643 1786 3707 dissipata
1840 3641 1962 3692 inde
2026 3642 2087 3710 (i.
2139 3658 2187 3695 e.
2240 3659 2307 3695 ex
2359 3646 2423 3697 iis

1363 3717 1693 3786 corporibus)
1727 3717 1867 3769 aliud
1888 3720 2003 3770 aliis
2035 3721 2325 3787 conjungit,
2362 3731 2420 3775 et

1364 3796 1548 3860 efficit,
1569 3810 1746 3847 omnes
1777 3810 1862 3847 res
1892 3802 1954 3846 ut
1982 3805 2289 3848 convertant
2319 3798 2425 3850 for·

1362 3890 1472 3925 mas
1488 3889 1625 3937 suas,
1645 3880 1703 3924 et
1721 3874 1934 3939 capiant
1955 3887 2153 3939 sensus,
2169 3874 2426 3939 (animen-

1365 3950 1497 4016 tur,)
1526 3960 1582 4002 et
1611 3958 1805 4015 puncto
1844 3957 2080 4016 tempore
2102 3952 2345 4018 reddant,
2362 3953 2425 4022 (i.

1364 4042 1413 4079 e.
1455 4029 1759 4090 moriantur,
1801 4041 1919 4077 uam
1957 4027 2073 4077 baec
2119 4029 2187 4079 ad
2233 4030 2424 4082 anima-

1364 4103 1436 4155 lia
1477 4104 1772 4168 presertim
1810 4102 2099 4168 pertinent)
2143 4111 2204 4155 ut
2232 4120 2422 4158 noscas

1362 4181 1572 4247 plurimi
1610 4180 1829 4244 referre,
1860 4182 1962 4231 &m
2043 4181 2113 4230 Et
2156 4194 2224 4230 ne
2261 4191 2420 4246 putes

1365 4257 1530 4324 prima
1578 4270 1800 4320 corpora
1843 4254 1964 4305 ideo
2009 4256 2182 4311 minus
2225 4265 2421 4308 {eterna

1366 4350 1497 4400 esse,
1523 4334 1661 4401 quod
1692 4332 1782 4385 illa
1815 4332 1868 4383 in
1891 4333 2149 4385 concretis
2169 4329 2423 4387 fluctuare
