3009 4925
583 421 755 491 1086

579 606 635 656 io
660 604 950 666 Platonem,
969 609 1025 652 et
1043 602 1095 651 in
1115 598 1350 652 Stoicos:
1388 600 1473 667 qni
1496 614 1642 650 mun-

583 686 703 735 dum
727 697 757 733 a
782 683 894 732 Deo
917 688 1149 731 creatum
1168 693 1299 741 esse,
1320 683 1375 727 et
1394 679 1510 743 ejus
1528 693 1644 742 pro-

584 763 815 813 videntia
858 759 1134 826 gubernari
1186 759 1384 822 volunt,
1436 773 1536 809 non
1583 766 1643 808 ut

581 840 858 904 Epicurus,
888 838 976 903 qni
1005 852 1070 887 ex
1106 841 1389 887 atomorum
1423 852 1642 887 concur-

580 918 723 968 sione
746 915 963 965 fortuita
982 915 1117 964 hunc
1152 913 1327 963 mundi
1358 914 1640 978 pulcherri-

580 1009 718 1045 mum
742 1000 979 1044 ornatum
996 1007 1110 1043 esse
1129 991 1436 1057 perfectum,
1454 1000 1512 1043 et
1530 994 1639 1043 sine

581 1073 688 1122 ulla
731 1071 910 1121 divina
971 1070 1301 1136 providentia
1341 1077 1430 1120 ant
1476 1085 1639 1135 opera

582 1149 908 1215 aequabilem,
945 1154 1000 1198 ct
1034 1154 1218 1212 ratum,
1253 1157 1309 1200 et
1348 1148 1638 1199 immutabi-

578 1228 680 1277 lem
705 1241 872 1276 rerum
906 1226 1130 1276 omnium
1164 1224 1395 1275 ordinem
1430 1240 1637 1276 conser-

577 1305 687 1354 vari
710 1304 990 1363 existimat.
1024 1317 1176 1369 qnam
1194 1303 1406 1368 Epicuri
1431 1312 1636 1353 senten-

580 1382 703 1432 tiam
726 1382 801 1431 sic
820 1382 1104 1431 insectatur
1122 1387 1178 1431 et
1193 1377 1384 1431 refellit
1406 1381 1482 1430 M.
1497 1381 1634 1431 Tuli.

578 1458 667 1509 lib.
690 1463 741 1508 2.
765 1458 832 1508 de
858 1459 921 1509 N.
946 1459 1015 1507 D.
1071 1458 1087 1484 ⁸
1111 1457 1195 1509 An
1231 1472 1347 1508 cnm
1380 1458 1638 1509 machina·

574 1536 719 1595 tione
757 1535 975 1601 quadam
1017 1536 1213 1586 moveri
1259 1536 1452 1602 aliquid
1494 1536 1636 1586 vide-

576 1624 707 1675 mus,
744 1620 802 1661 nt
833 1612 1108 1677 sphaeram,
1137 1620 1192 1664 ut
1226 1614 1397 1679 horas,
1437 1620 1497 1664 ut
1537 1613 1638 1663 alia

577 1690 864 1754 permulta3
897 1705 997 1741 non
1029 1691 1344 1753 dubitamus,
1383 1692 1507 1758 quin
1549 1691 1639 1742 illa

577 1780 733 1829 opera
758 1766 867 1819 sint
894 1767 1141 1819 rationis:
1181 1783 1296 1818 cum
1337 1774 1512 1818 autem
1548 1768 1638 1818 im·

575 1848 754 1904 petum
775 1842 890 1893 caeli
912 1842 1207 1894 admirabili
1231 1859 1345 1893 cum
1367 1845 1638 1895 celeritate

576 1921 771 1969 moveri
811 1922 1047 1985 vertique
1084 1920 1374 1984 videamus,
1397 1928 1637 1971 constan·

575 1998 776 2048 tissime
830 1999 1192 2049 conficientem
1262 1999 1639 2050 vicissitudines

577 2074 952 2124 anniversarias
989 2090 1104 2125 cum
1145 2090 1343 2126 summa
1382 2078 1550 2127 salute
1585 2083 1641 2126 et

575 2154 970 2203 conservatione
994 2168 1165 2203 rerum
1200 2155 1459 2216 omnium,
1492 2154 1640 2203 dubi-

577 2232 767 2292 tamus,
804 2230 928 2293 quin
972 2243 1037 2280 ea
1082 2244 1183 2279 nou
1230 2231 1393 2280 solum
1438 2232 1640 2281 ratione

575 2301 723 2367 fiant,
759 2305 850 2354 sed
894 2307 1049 2355 etiam
1094 2309 1375 2357 excellenti
1417 2306 1640 2372 quadani

576 2374 853 2446 divinaque
890 2382 1089 2432 ratione
1106 2382 1141 2430 ?'
1195 2384 1341 2433 Idem
1386 2384 1502 2435 eod.
1551 2385 1638 2436 lib.

578 2457 751 2522 paullo
784 2459 1058 2524 superius:
1095 2460 1111 2489 ‘
1138 2458 1235 2511 Isti
1266 2469 1440 2512 autem
1465 2478 1640 2527 quem·

577 2534 852 2586 admodum
884 2547 1207 2602 asseverant,
1231 2553 1295 2588 ex
1318 2540 1640 2605 corpusculis

576 2628 680 2663 non
733 2614 930 2676 colore,
984 2628 1086 2664 non
1142 2616 1392 2681 qualitate
1446 2617 1639 2682 aliqua,

576 2703 728 2754 qnam
783 2687 1014 2749 ποιότητα
1063 2691 1237 2742 Groeci
1286 2700 1492 2756 vocant,
1537 2708 1638 2744 non

575 2778 729 2814 sensu
770 2765 1025 2829 praeditis,
1070 2766 1163 2815 sed
1206 2768 1639 2818 concurrentibus

575 2846 793 2904 temere,
831 2850 887 2891 et
924 2857 1065 2905 casu,
1096 2844 1342 2893 mundum
1378 2859 1493 2894 esse
1528 2860 1640 2910 per-

575 2916 793 2978 fectum,
818 2919 898 2967 vel
928 2919 1345 2968 innumerabileis
1379 2921 1553 2984 potius
1586 2922 1638 2970 in

576 2993 715 3042 omni
755 3001 947 3057 puncto
1002 2997 1252 3058 temporis
1304 2997 1432 3045 alios
1477 2999 1641 3060 nasci,

576 3069 704 3119 alios
728 3069 969 3119 interire?
1004 3070 1158 3122 Quod
1183 3071 1227 3120 si
1263 3072 1505 3121 mundum
1531 3072 1639 3122 effi-

575 3149 698 3196 cere
752 3152 927 3211 potest
980 3161 1260 3197 concursus
1317 3159 1637 3200 atomorumz

576 3235 671 3273 cur
694 3223 970 3288 porticum,
998 3238 1092 3272 cur
1126 3225 1396 3288 templum,
1420 3240 1513 3275 cur
1549 3226 1640 3276 do-

577 3313 733 3364 snum,
774 3315 867 3349 cur
908 3300 1086 3348 urbem
1131 3315 1231 3349 uon
1275 3304 1483 3366 potest?
1521 3318 1638 3368 qnae

573 3382 693 3426 sunt
716 3376 880 3425 minus
903 3391 1139 3439 operosa,
1166 3385 1218 3426 et
1246 3379 1407 3428 multo
1428 3379 1638 3444 quidem

572 3451 843 3504 faciliora?
912 3453 1211 3518 Heraclitus
1247 3461 1438 3518 autem,
1465 3455 1643 3517 κόσμον

570 3530 789 3596 (inquit)
810 3530 919 3579 οὔτε
934 3548 1006 3580 τις
1034 3527 1165 3588 Θεῶν,
1190 3531 1296 3579 οὔκ
1313 3549 1385 3582 τις
1400 3531 1642 3597 ἀνθρώπων

574 3608 826 3667 ἐποίησας
858 3610 893 3657 i.
914 3624 961 3659 e.
983 3609 1000 3636 ‘
1020 3608 1262 3657 muudum
1301 3624 1468 3674 neque
1502 3609 1638 3674 quis-

573 3700 725 3751 quam
760 3687 1015 3746 Deorum,
1047 3699 1214 3749 neque
1250 3685 1520 3750 quisquam
1554 3686 1640 3736 ho·

575 3762 765 3813 minum
784 3760 995 3812 effecit!
1032 3764 1049 3789 ‘
1066 3762 1228 3814 Quasi
1253 3763 1642 3830 metucrct'(in·

573 3839 685 3902 quit
703 3838 1041 3902 Plutarchus)
1063 3839 1078 3866 ‘
1099 3853 1161 3887 ne
1188 3855 1215 3887 a
1232 3840 1344 3889 Deo
1361 3854 1417 3889 re
1434 3841 1637 3904 abjudi-

574 3921 714 3977 cata,
750 3916 788 3964 i.
818 3930 866 3964 e.
908 3915 1004 3963 hoc
1032 3914 1290 3979 judicato,
1324 3918 1493 3967 Deum
1535 3932 1638 3968 non

573 4003 687 4040 esse
712 3989 887 4039 muudi
913 3990 1170 4055 opificem,
1189 3993 1439 4056 suspicari
1464 4006 1640 4059 posset

572 4065 776 4130 uliquis,
790 4066 1046 4115 hominem
1063 4079 1176 4116 esse
1192 4068 1302 4132 ejus
1320 4068 1638 4124 effectorem.

571 4139 678 4191 Sed
703 4149 921 4206 praestat
955 4157 1047 4192 nos
1070 4143 1262 4208 (inquit
1294 4145 1406 4211 ille)
1432 4148 1640 4199 Platoni

572 4213 729 4268 fldem
762 4218 1031 4269 habeuteis
1065 4229 1117 4269 et
1146 4221 1452 4287 pra’dicare,
1474 4232 1529 4271 et
1559 4239 1639 4274 ca-

573 4306 719 4357 nere,
741 4294 879 4344 hunc
912 4296 1152 4347 muudum
1175 4313 1205 4348 a
1227 4300 1345 4350 Deo
1381 4315 1493 4351 esse
1516 4316 1638 4350 con-

572 4369 753 4423 ditum.
819 4373 1049 4425 Mundus
1088 4376 1225 4427 enim
1254 4379 1476 4429 omnium
1521 4393 1637 4444 quae

1284 441 1499 489 1⁴01·AE
1551 440 1946 492 vammum
2001 443 2079 491 tn

1713 609 1853 666 sunt,
1908 600 2307 668 pulcherrimum
2364 605 2607 673 quiddam
2663 616 2780 658 est:

1717 679 1862 729 Deus
1884 681 2109 731 omnium
2134 696 2401 733 causarum
2423 681 2783 747 efficientium,

1713 770 1871 806 causa
1913 764 1994 807 est
2036 758 2271 823 optima!
2343 758 2511 809 hab.
2578 760 2784 809 Contra

1710 832 1932 899 Stoicos,
1987 834 2328 886 Academicos
2383 844 2440 886 et
2491 844 2787 887 assertores

1711 911 2075 975 providentiae.
2155 914 2386 965 Materia
2427 914 2701 964 Naturam.-
2745 912 2784 962 i.

1711 1002 1759 1038 e.
1782 991 2050 1041 materiam
2081 991 2261 1057 ipsam.
2336 991 2452 1042 Feb.
2487 991 2788 1040 Providen-

1713 1067 1798 1116 tia
1820 1068 2279 1134 impotentissimus
2314 1070 2658 1133 impugnator
2685 1068 2786 1117 Lu-

1711 1147 1911 1196 cretius
1948 1154 2231 1197 scommata
2270 1145 2511 1212 quaedans
2550 1159 2656 1195 vss.
2705 1148 2785 1194 lo.

1711 1221 1930 1273 effundit
1953 1231 2135 1275 eontra
2167 1239 2258 1275 eos
2291 1224 2379 1289 qui
2407 1223 2690 1273 materiam
2703 1223 2788 1278 ,ia-

1712 1306 1877 1349 ertem
1912 1301 2108 1364 dicunt,
2130 1307 2186 1350 et
2225 1314 2327 1349 non
2359 1298 2406 1348 ri
2442 1312 2537 1347 sua
2569 1304 2664 1348 aut
2698 1311 2788 1346 ne·

1710 1376 1955 1427 cessitate
1989 1385 2207 1440 naturae,
2240 1375 2333 1426 sed
2373 1383 2554 1424 mente
2591 1374 2788 1424 Divina

1712 1462 1901 1505 motam
1920 1469 2036 1505 esse
2053 1463 2109 1505 et
2123 1452 2462 1520 dispositam}
2490 1450 2680 1503 rudem
2698 1453 2789 1503 do·

1712 1532 1836 1583 inde
1859 1534 2125 1584 materiam
2148 1534 2262 1583 sine
2281 1532 2387 1582 alla
2411 1538 2525 1582 arte
2549 1538 2646 1581 aut
2669 1546 2790 1581 con-

1709 1611 1822 1661 silio
1841 1613 1978 1662 hunc
1999 1614 2243 1663 muudum
2268 1625 2421 1677 posse
2439 1612 2792 1670 constituere,

1711 1700 1876 1754 eaque
1914 1688 2170 1753 perficere
2210 1704 2392 1754 opera,
2435 1702 2556 1754 quae
2598 1690 2791 1751 vulgus

1710 1764 1969 1815 hominum
2003 1765 2191 1817 rationi
2233 1773 2290 1816 et
2321 1764 2678 1830 providentie
2715 1772 2792 1815 at·

1712 1840 1925 1905 tribuit3
1948 1843 2266 1907 voluptatem
2289 1856 2406 1891 esse
2438 1840 2639 1891 ducem
2665 1841 2790 1890 vite

1710 1916 1991 1983 hominum,
2015 1919 2153 1968 illius
2189 1927 2320 1969 nutu
2355 1932 2539 1966 omnes
2577 1917 2701 1983 regi
2736 1921 2793 1966 et

1713 1994 2019 2059 gubernari3
2043 2011 2142 2047 nec
2165 1996 2424 2046 hominum
2457 2009 2621 2046 causa
2646 2010 2791 2045 mun-

1713 2074 1835 2123 dum
1873 2072 2030 2139 hune,
2052 2082 2143 2125 aut
2180 2072 2387 2140 quidvis
2424 2070 2567 2124 aliud
2611 2087 2646 2122 a
2676 2073 2791 2122 Deo

1713 2146 1847 2211 fieri,
1865 2149 2117 2200 audacter
2139 2159 2193 2200 et
2217 2150 2374 2214 impie
2399 2146 2650 2199 affirmat.
2687 2149 2792 2199 De·

1714 2227 1872 2293 nique
1908 2228 2167 2292 promittit
2203 2244 2259 2278 se
2292 2226 2416 2277 olim
2451 2235 2792 2277 ostensurum

1714 2319 2017 2369 compagem
2055 2305 2234 2355 mundi
2278 2312 2385 2354 taus
2425 2305 2690 2368 ineptam,
2721 2305 2792 2352 in·

1715 2383 2039 2445 concinnam,
2060 2392 2116 2433 et
2150 2383 2385 2432 vitiosam
2427 2395 2565 2444 esse,
2598 2388 2664 2432 ut
2701 2381 2792 2431 Di·

1716 2457 1835 2508 vina
1873 2458 2136 2522 sapientia
2179 2457 2248 2510 sit
2301 2472 2511 2523 prorsus
2553 2456 2791 2524 indigna.

1713 2533 1852 2584 Quid
1876 2532 2065 2583 fecerit
2087 2535 2173 2584 hic
2195 2535 2478 2598 promissor
2506 2541 2667 2585 tanto
2691 2537 2791 2584 lsia·

1714 2618 1772 2659 tu
1797 2610 2026 2675 dignum,
2047 2613 2136 2663 lib.
2151 2619 2198 2662 5.
2213 2612 2521 2662 videbimus.
2565 2613 2791 2663 Interim

1713 2698 1907 2751 quanto
1927 2690 2210 2754 sapientior
2231 2690 2319 2739 ille
2339 2691 2425 2754 qui
2450 2691 2467 2717 ‘
2486 2689 2669 2740 Coelos
2696 2691 2794 2741 Dei

1712 2764 1926 2829 gloriam
1952 2779 2196 2815 enarrare
2215 2765 2229 2788 ’
2262 2765 2429 2816 dixit!
2467 2767 2675 2816 Creeck.

1784 2846 1877 2891 168
1912 2842 2093 2906 Reddi]
2165 2842 2296 2893 Haec
2352 2850 2605 2893 constans
2659 2841 2793 2893 Mas.

1714 2919 1885 2982 Lugd.
1904 2920 2025 2970 Bat.
2051 2927 2131 2970 est
2154 2921 2435 2985 scriptura,
2451 2923 2596 2974 unde
2623 2933 2792 2989 patet,

1715 3010 1884 3062 neque
1923 3003 2091 3048 rentur
2124 2998 2206 3048 llic
2236 2998 2360 3048 ferri
2403 3014 2581 3065 posse,
2621 3015 2792 3067 neque

1716 3074 1868 3124 aliter
1890 3090 2042 3140 quam
2079 3077 2380 3126 admoderate
2416 3078 2523 3141 legi
2549 3080 2604 3128 in
2636 3094 2791 3130 versu

1716 3152 1957 3216 sequenti
2005 3152 2217 3203 debere.
2306 3155 2557 3222 Quidam,
2607 3158 2794 3225 inquit,

1715 3227 1900 3292 ignari,
1921 3232 2093 3291 stulti,
2114 3231 2365 3297 objiciunt
2395 3243 2644 3285 naturam
2685 3246 2789 3285 tan

1716 3305 2051 3356 admotis-rate
2090 3308 2238 3356 reddi
2283 3323 2387 3358 non
2431 3325 2591 3374 posse
2636 3310 2794 3361 rebus

1713 3383 1945 3431 lurmanis
1970 3385 2080 3434 sine
2107 3375 2276 3435 Deum
2316 3389 2530 3437 numine
2558 3391 2662 3439 dte.
2695 3387 2791 3437 fin-

1714 3468 1841 3523 gunt
1861 3461 2000 3510 Deos
2014 3460 2126 3511 hac
2141 3463 2416 3528 omniaque
2432 3465 2792 3515 constituIsse.

1715 3534 1848 3587 Han.

1781 3616 1877 3662 169
1913 3613 2171 3677 Tantopere
2191 3615 2434 3682 humanis]
2486 3617 2616 3668 Tam
2649 3633 2790 3667 cons·

1712 3689 1915 3754 positis,
1950 3705 2170 3756 quaequc
2208 3692 2446 3743 humanas
2489 3694 2790 3758 prudentie

1714 3766 1999 3818 rationibus
2045 3770 2236 3819 similes
2276 3772 2401 3820 sint.
2461 3772 2588 3822 I-ut.
2654 3773 2789 3822 Cns-

1713 3844 1963 3894 Salmasio
1989 3853 2162 3896 tanuen
2187 3862 2217 3897 e
2236 3848 2363 3899 Mss.
2388 3849 2592 3899 rectius
2610 3847 2789 3898 forsan

1713 3920 1918 3984 legatur
1942 3936 2036 3986 pro
2060 3925 2133 3971 Ac
2155 3924 2432 3989 moderatis,
2465 3925 2792 3976 Adnoderde

1713 3998 1932 4048 humanis
1957 4001 2246 4051 rationibus.-
2293 4003 2329 4052 i.
2354 4016 2404 4052 e.
2445 4011 2511 4052 ut
2547 4003 2786 4053 humana

1716 4076 1941 4125 rationes
1972 4076 2268 4139 postulant:
2305 4086 2357 4127 et
2377 4078 2494 4129 haec
2519 4079 2790 4143 Interpre-

1716 4153 1845 4202 tatio
1859 4154 2055 4216 optime
2072 4154 2356 4218 respondet
2376 4170 2452 4206 vs.
2472 4160 2586 4207 1⁷⁴.
2607 4159 2624 4186 ⁸
2643 4155 2790 4207 Quo·

1716 4243 1838 4278 runr
1863 4231 2035 4279 omnia
2070 4246 2224 4281 causa
2259 4231 2611 4283 Constituisse
2641 4232 2786 4283 Deos

1711 4304 1953 4372 fingunt?
1986 4307 2182 4358 Cre-ech.

1779 4384 1855 4436 Ac
1877 4385 2154 4450 moderatis]
2188 4382 2334 4435 Ordo
2359 4386 2638 4439 verborum
2657 4395 2774 4438 est:
