3009 4925
556 441 730 508 1170

555 603 648 655 illo
667 598 873 667 quidem
899 599 1165 667 impresso,
1185 603 1276 652 sed
1301 617 1417 654 cum
1439 615 1615 654 manu·

560 679 771 744 scriptis
812 688 1114 744 comparato
1158 688 1440 744 repertum,
1495 696 1613 732 cum

553 764 697 808 esset
713 756 1003 821 adscriptus
1026 756 1090 806 sd
1113 771 1253 807 oram
1277 757 1423 806 libri:
1462 773 1614 823 quem

554 835 790 886 Lucretii
811 849 926 885 esse
951 836 1103 898 plane
1126 834 1369 885 arbitror.
1435 835 1612 900 Atque

555 919 616 963 ut
651 912 787 961 hunc
830 911 1032 961 restitui
1076 911 1162 975 qui
1205 910 1613 975 desiderabatur,

554 988 630 1039 its
670 987 812 1037 illum
836 986 1038 1042 -sustuli
1077 987 1164 1050 qui
1206 985 1377 1037 fueret
1431 986 1609 1051 inepte

552 1064 873 1129 suppositus,
902 1069 963 1112 ut
1004 1062 1212 1113 minime
1249 1064 1607 1136 Lucretianum

552 1148 611 1192 et
645 1154 1105 1206 supervacaneum.
1143 1155 1263 1191 nam
1301 1143 1467 1192 simile
1505 1158 1608 1208 quo

551 1216 737 1279 utitur,
773 1215 998 1266 refertur
1038 1216 1105 1266 ad
1149 1231 1215 1267 ea
1248 1233 1363 1283 quae
1405 1226 1611 1270 autece-

552 1292 699 1345 dunt.
763 1293 958 1343 Versus
978 1300 1150 1343 autem
1170 1294 1255 1343 bic
1278 1302 1390 1345 est:
1420 1294 1506 1345 Sic
1524 1297 1610 1346 iei-

550 1372 676 1434 ἄση,
706 1385 808 1434 qius
827 1371 1088 1429 sentimum
1119 1371 1293 1421 sentire
1313 1385 1490 1422 necent
1517 1378 1607 1423 est.

551 1448 654 1510 vel,
683 1455 743 1498 ut
781 1447 904 1499 alibi
945 1448 1155 1512 iegitur,
1187 1448 1272 1498 Sic
1305 1449 1470 1499 itiam
1505 1449 1632 1514 «μετ’

547 1530 681 1589 me,
700 1524 928 1588 miniatis,
948 1526 1125 1575 sentire
1138 1539 1320 1575 necesse
1338 1530 1424 1577 est.
1475 1527 1607 1577 Cum

548 1599 665 1651 baec
679 1600 1002 1664 scripsissem
1024 1602 1151 1652 treis
1181 1601 1247 1650 ab
1268 1601 1387 1652 binc
1426 1616 1608 1665 anuos,

546 1678 747 1728 simiam
770 1679 909 1729 illam
927 1679 1274 1744 turpissimam
1296 1693 1395 1729 nou
1420 1680 1609 1744 puduit

547 1755 796 1816 scribere,
828 1743 883 1804 se
903 1754 1040 1805 huuc
1080 1769 1283 1804 versum
1320 1756 1604 1806 sustulisse.

543 1829 711 1881 Lumb-
775 1831 883 1880 Pro
918 1831 1015 1881 boc
1046 1845 1197 1882 versu
1237 1831 1324 1880 alii
1362 1831 1480 1882 libri
1516 1847 1605 1882 ex-

543 1906 746 1969 hibent,
778 1906 862 1956 Sic
896 1907 1063 1956 iridens
1096 1922 1204 1971 qua
1243 1912 1354 1957 sust
1393 1909 1606 1959 mininis

542 1983 719 2034 sentire
756 1998 942 2033 necesse
982 1989 1073 2033 est.
1124 1985 1178 2033 in
1221 1986 1335 2034 aliis
1371 1986 1603 2037 invenies

541 2058 629 2109 Sic
648 2060 815 2110 itidem
845 2076 949 2125 qua
968 2062 1196 2112 sentimus
1216 2065 1393 2111 sentire
1425 2076 1605 2112 necesse

540 2141 632 2187 est.
664 2151 695 2185 e
717 2136 877 2186 Libro
896 2136 1116 2201 quodam
1154 2152 1269 2187 cum
1294 2138 1425 2188 Mss.
1459 2153 1601 2189 com·

540 2216 722 2273 parato
743 2211 1012 2261 substituit
1031 2211 1309 2262 Lambinus
1329 2213 1429 2261 Per
1456 2213 1602 2263 Vene-

537 2285 613 2334 ris
630 2299 723 2348 res,
740 2289 822 2351 ξε.
849 2287 1021 2351 rejicit
1041 2286 1307 2337 Gifaniusz
1330 2302 1428 2338 nec
1452 2289 1602 2339 valde

538 2364 861 2413 necessarius
904 2362 1127 2426 videtur,
1165 2365 1359 2430 quippe
1397 2364 1601 2415 auferas

535 2439 695 2506 illum,
727 2443 867 2493 valet
884 2448 1059 2493 tamen
1078 2443 1306 2494 Lucretii
1327 2457 1600 2509 argumen-

537 2524 666 2568 tum.
705 2519 899 2567 Creech.

598 2600 696 2647 928
735 2599 873 2654 Quod
887 2599 930 2648 si
938 2598 1076 2658 sorte
1089 2599 1250 2664 must]
1274 2600 1481 2652 Deinde
1498 2616 1599 2652 vss.

532 2677 582 2724 ⁷.
604 2674 741 2725 ridet
764 2675 878 2725 illos
903 2676 990 2739 qui
1015 2683 1247 2726 asserunt
1267 2676 1460 2727 semina
1483 2691 1598 2727 seu·

534 2766 595 2802 su
618 2753 827 2819 quidem
872 2754 1093 2818 praedita
1129 2771 1261 2821 esse,
1295 2764 1352 2808 at
1391 2771 1491 2807 non
1534 2771 1599 2807 eo

533 2830 622 2893 qui
647 2837 830 2893 postea
850 2831 902 2879 in
925 2833 1229 2884 animalibus
1269 2842 1510 2900 apparet,
1541 2841 1598 2885 et

530 2904 668 2954 aliud
694 2906 909 2970 subjicit
931 2918 1291 2973 argumentum
1325 2911 1418 2973 illi,
1455 2911 1596 2977 quod

529 2992 607 3027 vs.
630 2983 748 3030 870.
786 2982 1106 3047 continetur,
1143 2982 1331 3035 affiuet
1369 2987 1450 3035 Ex
1486 2988 1597 3037 ovis

529 3062 807 3105 nascuntur
828 3072 967 3121 aves,
1003 3073 1206 3111 vermes
1227 3075 1258 3111 e
1283 3063 1422 3125 putri
1455 3069 1596 3115 terra

527 3133 759 3196 exiliunt,
793 3141 848 3184 at
887 3136 1092 3185 sensilia
1129 3152 1249 3203 ove,
1282 3144 1373 3188 aut
1412 3140 1593 3204 glebas

524 3211 759 3262 viventes
781 3212 897 3280 quis
918 3212 1150 3264 dixerit?
1186 3216 1378 3266 Creeclt.

589 3292 687 3338 924
722 3289 963 3355 Atti-ibai,
996 3290 1141 3354 quod]
1175 3291 1239 3341 ln
1280 3291 1590 3358 quibusdam

527 3365 826 3416 veteribus:
858 3367 911 3416 id
930 3369 1070 3430 quod.
1106 3368 1215 3419 Gif.

580 3445 678 3492 925
717 3443 834 3493 non
853 3450 1104 3509 preterea,
1123 3462 1170 3509 q.
1182 3444 1232 3506 f.
1253 3452 1366 3498 ante
1388 3450 1452 3505 Q.
1473 3449 1582 3514 mu]

520 3516 792 3571 Proeterea
812 3522 1028 3588 (inquit)
1044 3525 1303 3589 quatinus,
1324 3524 1361 3577 i.
1386 3539 1432 3576 c.
1459 3541 1588 3590 quo·

517 3594 675 3658 niam,
712 3612 780 3647 ex
816 3600 926 3649 ovis
965 3599 1095 3650 fiunt
1139 3602 1287 3664 pulli,
1318 3616 1382 3650 ex
1421 3602 1587 3666 glebis

518 3673 774 3724 exsistunt
815 3689 1035 3739 vermes,
1072 3675 1207 3740 quod
1250 3682 1406 3727 autea
1450 3676 1584 3742 fugi-

515 3759 649 3807 mus,
683 3762 761 3797 vs.
782 3753 897 3799 896.
939 3751 954 3779 ‘
975 3751 1205 3802 Quarum
1229 3752 1304 3800 nil
1329 3766 1498 3802 rerum
1530 3753 1584 3802 in

515 3822 668 3885 lignis
704 3824 970 3890 glebisque
998 3826 1229 3877 videmus
1250 3827 1282 3876 :'
1312 3838 1370 3877 et
1406 3843 1582 3892 supra,

516 3901 630 3948 888.
662 3901 678 3927 ‘
700 3901 953 3951 Nimirum
976 3904 1179 3968 lapides
1204 3912 1260 3955 et
1282 3905 1459 3970 ligna,’
1483 3910 1581 3962 &c.

512 3975 529 4005 ‘
552 3974 833 4039 Fugimus'.
870 3985 1061 4045 autem,
1101 3981 1135 4031 i.
1170 3996 1216 4031 e.
1263 3983 1582 4045 negavimus,

512 4065 616 4100 non
660 4054 1027 4105 concessimus.
1103 4058 1358 4108 Quoniam
1415 4058 1580 4121 igitur

509 4125 565 4175 id
608 4127 720 4177 fieri
767 4127 1032 4178 videmus=
1084 4131 1229 4180 Scire
1271 4133 1395 4181 licet
1435 4133 1580 4195 gigni

510 4218 684 4266 posse,
704 4205 801 4255 stc.
869 4205 1102 4256 Verbum
1126 4208 1143 4237 ⁴
1164 4207 1282 4270 est,'
1316 4208 1453 4273 quod
1495 4207 1577 4258 su·

508 4286 621 4333 erut
654 4281 970 4334 inculcatum
1015 4289 1134 4348 post
1174 4298 1359 4336 vocem
1405 4290 1574 4353 ‘prze-

1251 456 1468 507 NOTAE
1513 457 1918 509 vammum
1969 459 2049 509 ΙΝ

1690 603 1873 666 teres,'
1927 604 2245 666 sustulimus,
2301 607 2472 657 secuti
2517 607 2627 658 cod.
2649 608 2748 660 Ve-

1688 689 1836 730 netos
1879 681 2046 746 antiq.
2089 688 2146 731 et
2160 681 2342 732 Vicet.
2381 690 2440 734 et
2483 686 2748 736 nonnullos

1686 774 1942 810 manuscr.
1975 760 2142 811 Lunna.
2189 762 2614 828 Praeteree,quod.
2647 765 2752 814 Alii

1685 835 1932 885 Proetereu
1954 841 2037 901 est,
2059 839 2195 899 quod.
2231 837 2343 890 Gif.

1752 913 1889 969 Quod
1928 914 2153 976 sugimus
2211 917 2347 981 unte]
2411 918 2759 982 Negavimus.

1682 987 1799 1038 Vox
1811 997 1892 1040 est
1906 1004 1971 1038 ex
1988 1005 2084 1039 usu
2100 988 2310 1054 forensi,
2323 993 2402 1042 uti
2420 994 2437 1021 ‘
2451 991 2760 1044 defendere’

1684 1079 1778 1129 pro
1786 1063 2060 1131 affirmare,
2074 1080 2325 1119 asserere:
2346 1069 2566 1134 respicit
2581 1078 2759 1120 autem

1683 1141 2038 1206 lumiminum,
2071 1159 2148 1194 vs.
2183 1148 2300 1196 896.
2368 1146 2646 1197 ‘Quarum
2686 1147 2759 1195 nil

1684 1232 1853 1268 rerum
1889 1220 1941 1269 iu
1977 1221 2130 1285 lignis
2175 1221 2450 1288 glebisque
2487 1222 2759 1275 videmus-⁹

1683 1295 1803 1346 Pas.
1873 1296 2121 1359 Faginus,
2142 1299 2464 1361 negavimus,
2504 1314 2613 1350 non
2635 1315 2758 1352 cou-

1682 1372 1950 1432 cessimus,
1981 1372 2290 1424 Lambinus:
2338 1382 2396 1425 et
2442 1376 2588 1426 idem
2633 1378 2756 1428 reli·

1684 1446 1772 1511 qui
1810 1448 2160 1513 interpretes;
2197 1448 2347 1500 addit
2383 1451 2596 1501 Faber:
2639 1453 2756 1502 Vox

1681 1530 1851 1573 estex
1873 1538 1968 1573 usu
1999 1521 2216 1586 forensi,
2250 1527 2330 1574 uti
2363 1527 2381 1554 ⁶
2407 1524 2752 1577 Defendere’

1681 1615 1775 1664 pro
1838 1600 2117 1663 affirmare,
2180 1615 2418 1653 asserere
2453 1620 2470 1665 ς
2541 1604 2754 1670 respicit

1680 1683 1850 1727 autem
1873 1678 2042 1728 locum
2067 1678 2230 1742 iilum,
2261 1680 2279 1708 ⁴
2298 1679 2537 1731 Quarum
2570 1680 2642 1730 nil
2674 1694 2750 1730 re-

1679 1766 1790 1802 rum
1827 1753 1879 1803 in
1914 1749 2101 1818 ligneis
2147 1754 2419 1822 glebisque
2466 1757 2751 1808 videmust'

1677 1841 1756 1879 vs.
1779 1833 1895 1881 898.
1962 1831 2070 1881 Sed
2090 1833 2180 1897 qui
2203 1832 2372 1883 locum
2406 1834 2638 1899 inspicit,
2671 1843 2752 1888 set

1676 1904 1806 1969 scio,
1860 1906 1981 1958 buic
2022 1906 2376 1958 observationi
2419 1923 2749 1975 nequaquan

1676 1982 1984 2033 consentiet.
2049 1983 2347 2048 Legendum
2398 1984 2566 2050 igitur
2615 1986 2747 2038 urbi·

1678 2063 1786 2105 tror
1802 2059 2026 2125 figimus,
2055 2060 2090 2110 i.
2114 2074 2165 2111 e.
2198 2060 2438 2125 ponimus
2484 2076 2583 2112 seu
2626 2076 2745 2126 pro-

1676 2131 1883 2185 bamus:
1920 2142 1977 2186 et
1999 2150 2098 2186 vox
2132 2136 2239 2187 ista
2272 2150 2377 2186 non
2419 2137 2745 2189 incommode

1673 2211 1917 2275 respiciet
1938 2228 2017 2263 vs.
2033 2216 2149 2262 879.
2173 2213 2263 2262 ubi
2282 2228 2403 2277 pars
2423 2214 2580 2279 hujus
2597 2229 2744 2279 argu-

1672 2289 1832 2337 menti
1858 2291 2177 2353 proponitur.
2206 2290 2403 2341 Creecls.
2469 2292 2738 2356 Nusquam

1674 2362 1747 2412 its
1768 2365 1784 2391 ‘
1798 2363 2000 2428 figimus
2014 2365 2030 2389 ’
2052 2366 2192 2430 apud
2215 2366 2434 2418 Lucret.
2471 2369 2616 2433 Lego
2638 2370 2733 2419 ita·

1682 2455 1782 2506 que
1803 2441 2033 2494 omns
2052 2442 2132 2492 vei
2152 2442 2371 2496 uicimus.
2462 2444 2603 2494 Vide
2628 2444 2741 2496 lud.

1678 2517 1730 2567 iu
1763 2518 2058 2570 ‘Vincere'
2092 2527 2148 2570 et
2177 2524 2193 2549 ‘
2214 2520 2575 2571 Pet-vincere)
2604 2522 2737 2573 Hm.

1736 2601 1835 2647 926
1871 2598 2133 2663 Quotiens]
2174 2599 2221 2650 1.
2258 2613 2306 2649 e.
2353 2600 2637 2665 quonia-z
2686 2608 2741 2651 et

1672 2671 1748 2722 ita
1788 2688 1928 2738 saepe
1973 2674 2099 2723 alias
2144 2675 2280 2739 apud
2319 2676 2457 2725 bunc
2501 2675 2737 2740 poetam:

1671 2749 1904 2815 itemque
1925 2750 2065 2816 apud
2098 2750 2229 2802 Hor.
2294 2752 2544 2816 Denique
2584 2751 2738 2807 docet

1668 2827 1874 2891 Festus,
1896 2828 1912 2855 ⁸
1932 2828 2181 2894 quatinus
2200 2827 2216 2851 ’
2239 2828 2381 2879 idem
2401 2830 2580 2879 valere
2602 2829 2734 2894 quod

1668 2903 1933 2968 quonism.
1964 2903 2135 2953 Lussb.

1729 2983 1826 3029 9²7
1861 2980 2101 3046 Alituum]
2132 2979 2351 3030 Alitum.
2391 2980 2470 3029 sic
2501 2980 2649 3045 Virg.
2683 2985 2731 3031 8.

1665 3060 1748 3107 2⁷.
1799 3057 1817 3085 ‘
1840 3056 2074 3107 Alituum
2143 3056 2510 3121 pecudumque
2576 3070 2730 3122 genus

1662 3145 1819 3196 sopor
1839 3133 1974 3182 altus
1992 3130 2256 3182 babebat)
2291 3131 2466 3183 Lansb-

1738 3207 2034 3273 Vernus-‘sque
2087 3208 2333 3272 effervere,
2386 3207 2592 3272 εει-κη]
2636 3207 2732 3258 Or·

1661 3283 1729 3334 do
1772 3284 2044 3335 verborum
2087 3284 2173 3335 hic
2217 3293 2336 3334 est:
2381 3291 2442 3335 et
2482 3285 2728 3349 quatinus

1631 3358 1634 3363 '
1666 3361 1701 3410 i.
1728 3375 1773 3412 e.
1798 3360 2062 3425 quoniam,
2094 3361 2352 3411 cernimus
2392 3360 2618 3411 vermeis
2658 3358 2728 3411 ef-

1663 3437 1888 3501 fervere,
1919 3438 1955 3489 Ι.
1993 3453 2042 3488 e.
2082 3438 2358 3500 exsistere,
2389 3438 2658 3491 subintell.
2696 3452 2726 3488 e

1661 3523 1820 3580 terra,
1854 3530 1970 3565 cum
2014 3522 2198 3578 putror
2238 3520 2431 3564 terram
2472 3513 2619 3578 cepit
2658 3513 2721 3564 ob

1660 3593 1869 3643 imbreis
1925 3591 2352 3656 intempestivos:
2399 3591 2539 3642 scire
2581 3592 2725 3654 licet,

1658 3672 1758 3720 ecc.
1784 3669 1876 3718 sed
1901 3683 2001 3719 non
2026 3668 2381 3730 dissimulabo,
2399 3682 2484 3718 me
2509 3668 2563 3717 iu
2583 3668 2723 3719 libris

1659 3746 2022 3810 manuscriptis
2046 3746 2307 3808 reperisse
2330 3745 2604 3808 sc—riptum,
2635 3751 2725 3794 ter-

1656 3838 1762 3874 ram
1785 3824 2147 3887 Intempestim
2165 3837 2305 3886 qm
2321 3826 2511 3885 putrer,
2544 3824 2626 3885 ξε.
2659 3821 2722 3870 de

1657 3915 1758 3965 qus
1778 3900 2041 3965 scriptura
2070 3900 2239 3949 lector
2274 3898 2486 3963 quidem
2518 3898 2719 3963 judica·

1655 3977 1767 4027 bit:
1803 3978 1898 4027 boc
1920 3983 2092 4026 tamen
2115 3989 2230 4025 eum
2254 3976 2414 4025 etism
2439 3989 2714 4025 memorem

1657 4052 1964 4116 admonebo,
1999 4067 2031 4101 u
2055 4066 2151 4116 pro
2174 4067 2221 4110 o,
2253 4058 2311 4101 et
2338 4067 2367 4100 o
2387 4065 2484 4116 pro
2507 4067 2558 4113 u,
2589 4051 2638 4101 in
2659 4052 2715 4101 li·

1656 4127 1760 4178 bris
1791 4128 2163 4193 manuscriptis
2201 4128 2532 4179 librariorum
2569 4128 2716 4191 culpa

1652 4221 1794 4271 saepe
1836 4206 2063 4271 positum
2100 4203 2351 4268 reperiri:
2386 4210 2443 4253 ut
2486 4202 2714 4255 ‘edules-

1653 4282 1804 4333 ceus'
1829 4296 1924 4348 pro
1947 4281 2268 4344 adolescens,
2308 4283 2325 4310 ‘
2342 4277 2600 4347 epistuls’
2621 4294 2712 4346 pre
