3009 4925
434 365 573 431 984

500 527 598 574 5⁶8
613 522 733 587 Aer,
746 538 887 587 uque,
902 527 1051 586 terra,
1070 522 1285 587 vapores]
1306 524 1505 587 Vapor,

439 603 573 668 iguis
597 608 695 651 est.
762 600 948 662 Dices,
976 615 1100 666 ergo
1121 602 1376 650 elementa
1398 614 1499 649 non

437 684 564 729 'sunt
587 677 751 742 primu
775 690 990 741 corpore
1010 693 1024 737 ς
1048 691 1148 725 non
1169 684 1307 739 sunt,
1333 691 1501 741 neque

440 754 572 806 adeo
595 760 829 817 possunt.
852 753 975 818 quid
995 754 1101 803 ita?
1136 753 1260 818 quia
1291 767 1501 803 concre-

440 837 514 894 tu,
559 831 683 896 quia
719 827 1019 890 συστήματα,
1060 833 1159 879 &c.
1230 829 1504 879 Elementa

442 908 579 958 enirn
620 911 740 956 snut
782 907 1039 971 principia
1087 907 1406 971 secundaria,
1443 915 1504 957 ut

443 986 625 1048 vulgus
647 983 896 1048 loquitur.
931 985 1051 1034 Fub.

507 1066 607 1111 569
630 1062 738 1117 Quo
754 1062 1061 1127 pudefiant]
1087 1063 1266 1112 Scribe
1287 1063 1504 1114 interro-

447 1139 624 1203 gative
642 1155 654 1187 :
675 1138 932 1203 quomodo
948 1137 1080 1188 liunt
1100 1140 1506 1203 mollie,scilicet

447 1230 564 1266 cum
600 1228 631 1264 e
661 1215 983 1266 solidissimis
1023 1217 1291 1280 principiis
1334 1218 1505 1267 oriun-

449 1292 571 1343 tur?
606 1293 676 1341 Et
699 1307 802 1358 qus
825 1293 910 1343 vi?
932 1294 1050 1345 Qus
1074 1295 1341 1357 potentia?
1365 1296 1508 1351 Quae·

446 1379 537 1433 que
551 1374 799 1431 ger-antur.
864 1370 1005 1434 Lego
1023 1369 1296 1433 geruntur?
1318 1386 1413 1436 per
1433 1371 1508 1421 in·

451 1446 872 1509 ter-rogationem.
957 1447 1151 1497 Mirum
1195 1461 1294 1511 est,
1344 1449 1513 1514 inquit

449 1520 627 1586 poeta,
648 1537 713 1571 ex
736 1524 902 1573 solido
922 1538 1139 1589 corpore
1174 1525 1370 1590 genite,
1399 1524 1514 1575 fieri

450 1613 670 1662 corpora
691 1600 949 1651 meatibus
974 1603 1144 1666 plens.
1212 1604 1516 1668 Interrogat

452 1677 708 1741 quomodo
745 1679 877 1740 liaec,
899 1694 1012 1744 quae
1046 1680 1516 1731 contradictionem

452 1752 650 1804 inferre
713 1753 975 1818 videntur,
1028 1765 1303 1820 geruntur.
1372 1757 1518 1806 Pius.

451 1832 668 1894 Tmesis,
684 1847 994 1898 quocunque
1014 1834 1165 1884 modo
1176 1833 1518 1900 fiant,etqua·

456 1921 657 1974 cunque
682 1910 732 1957 vi
758 1911 1037 1974 gignuntur
1060 1911 1166 1973 illa,
1201 1926 1387 1975 nempe
1411 1910 1519 1969 aer,

455 1997 607 2051 aqua,
641 1991 797 2048 terra,
831 2001 1081 2050 vapores3
1121 1989 1337 2052 proinde
1374 1987 1519 2053 quiesi

454 2063 612 2126 dicet,
630 2065 749 2114 Non
765 2070 844 2114 est
865 2065 1001 2115 euim
1019 2065 1170 2130 hujus
1189 2067 1287 2116 loci
1308 2066 1522 2129 docere,

459 2140 715 2204 quomodo
758 2155 824 2190 ex
864 2141 1155 2204 primordiis
1201 2143 1521 2193 solidissimis

461 2216 589 2267 fient
606 2217 714 2280 siit,
726 2232 876 2282 aqna,
892 2225 949 2268 et
965 2225 1141 2269 cetera
1156 2221 1348 2270 mollia.
1369 2221 1521 2282 Uen-

460 2298 588 2348 dose
626 2299 678 2348 in
722 2300 835 2349 aliis
880 2300 1027 2350 libris
1062 2300 1270 2366 legitur,
1316 2302 1439 2357 Quoe
1473 2303 1525 2352 ci

460 2389 653 2438 queque
667 2382 919 2437 gerantur.
940 2377 1216 2442 legendnm
1239 2379 1395 2440 enim,
1417 2379 1526 2436 Qua

461 2451 513 2500 υἱ
552 2467 729 2516 cunque
762 2459 1017 2516 genantur.
1074 2459 1402 2522 quantumvis
1448 2472 1525 2506 re-

461 2530 688 2580 clament
724 2531 931 2596 quidsm
966 2532 1184 2597 βδελυροὶ
1219 2531 1527 2598 συκοφάνται.

534 2688 601 2736 Ee
639 2702 732 2751 qna
769 2688 820 2737 es·
855 2703 1049 2754 cumque
1083 2691 1336 2755 geruntur]
1374 2693 1529 2745 Quae-

469 2779 589 2830 que.
615 2772 673 2815 ut
695 2773 750 2815 et
774 2781 918 2831 supr.
951 2782 1083 2817 vers.
1111 2773 1226 2821 13⁰.
1251 2770 1530 2821 Lambinus

461 2846 713 2904 genantur.
734 2844 884 2908 male,
906 2851 1092 2895 contra
1113 2845 1274 2896 libros
1298 2855 1403 2897 vet.
1419 2846 1529 2909 Gis.

467 2919 650 2970 lsthuc
672 2935 863 2984 amque
883 2922 1035 2987 jungi
1057 2937 1173 2973 curn
1193 2930 1331 2989 pacto
1350 2926 1529 2991 debet,

466 3001 529 3044 ut
563 3002 619 3045 et
654 3009 769 3045 cum
811 2998 878 3047 vi.
905 2998 1161 3049 Genuntur
1183 3010 1375 3066 utitem,
1396 3004 1529 3067 opti-

466 3086 551 3121 me
579 3073 869 3124 Lambinus.
938 3074 1008 3124 At
1027 3075 1263 3126 Gifanius
1286 3080 1371 3144 qui
1396 3080 1531 3129 niele

468 3147 609 3198 istud
656 3148 723 3198 nb
763 3149 852 3199 illo
894 3151 1241 3204 introductum
1276 3156 1530 3222 queritur,

470 3225 658 3276 nimius
702 3235 919 3291 niigutor
961 3236 1061 3283 est.
1144 3231 1351 3282 Deinde
1405 3233 1532 3298 quid

468 3301 775 3352 discriminis
799 3305 936 3355 inter
964 3304 1024 3355 τὸ
1050 3322 1226 3369 genere
1257 3317 1313 3359 et
1344 3325 1532 3373 gerere,

469 3392 573 3429 non
618 3380 838 3431 viderat.
882 3383 995 3434 Fab.
1066 3387 1273 3451 Quaeque
1300 3393 1536 3449 gerantur

472 3456 721 3509 Nardius.
804 3459 1047 3512 Geruntur
1084 3463 1194 3513 Gis.
1240 3474 1295 3514 et
1332 3465 1533 3514 Parcus

475 3543 665 3585 emant.
739 3535 991 3591 Genantur
1029 3547 1207 3590 tuetur
1235 3542 1534 3593 Lambinus.

471 3610 663 3660 Totum
706 3626 830 3663 vero
871 3613 1006 3665 bunc
1049 3633 1252 3669 versum
1288 3628 1533 3687 tanquam

473 3687 845 3753 importunum,
880 3698 933 3741 et
962 3695 1113 3744 malae
1136 3696 1259 3746 fidei
1282 3713 1535 3762 possesso-

473 3776 601 3825 rem,
647 3777 713 3811 ex
754 3766 852 3815 lioc
890 3767 1004 3817 loco
1047 3775 1387 3824 amovendum
1422 3790 1537 3825 esse

474 3852 696 3890 censeo:
723 3851 777 3890 st
800 3842 961 3907 siquis
982 3848 1223 3910 retineat,
1246 3863 1362 3899 cnm
1388 3852 1541 3901 Lem·

476 3914 584 3964 bini
637 3917 985 3980 explicatione
1033 3923 1189 3973 abent
1243 3932 1539 3981 contentus.

476 3992 612 4043 Hrec
665 3996 800 4045 enim
840 3998 954 4048 ille:
1009 4000 1332 4068 Quocunque
1385 4005 1540 4055 modo

475 4073 623 4137 fient,
647 4082 702 4124 et
725 4091 1034 4144 quacunque
1059 4080 1103 4128 vi
1131 4080 1404 4143 gignantur
1434 4082 1541 4145 iiia,

476 4164 665 4216 nempe
712 4153 820 4216 ser,
871 4170 1024 4220 equs,
1073 4164 1236 4221 terra,
1274 4170 1536 4220 vapores3

476 4230 697 4298 proinde
721 4235 865 4298 quusi
889 4234 1049 4299 dicat,
1070 4236 1169 4284 &c.
1207 4234 1401 4287 (Στερεὰ.
1448 4234 1537 4285 Sic

1140 379 1356 428 No‘rAE
1405 377 1808 426 VARIORUM
1859 377 1938 426 ΙΝ

1574 537 1690 572 cum
1717 521 2178 584 Gifsniolegimus.
2246 523 2512 590 Quicquid
2550 525 2643 575 sli-

1576 606 1660 648 ter
1710 613 1828 662 post
1877 597 2180 649 Lambinum
2237 609 2478 652 statuant
2543 602 2643 652 viri

1576 676 1736 727 docti.
1774 678 1940 744 Preig.
2007 677 2087 725 Ex
2126 691 2378 727 consensu
2417 680 2646 743 optimo-

1577 768 1689 802 rum
1744 754 1979 803 codicum
2023 755 2153 805 Mss.
2193 761 2456 818 genantur,
2502 754 2643 822 quod

1576 829 1702 879 mihi
1738 831 1863 879 setis
1902 837 2082 894 aptum
2121 830 2344 894 videtur,
2384 832 2486 882 hoc
2524 834 2644 882 loco

1577 908 1786 958 retinui.
1824 907 1956 957 Ηαο.

1642 987 1740 1035 670
1763 985 1939 1049 Semel]
1956 986 2039 1035 Ite
2058 987 2307 1050 praeclare
2322 987 2503 1051 legunt
2516 989 2647 1038 Mss.

1579 1073 1734 1126 quum
1757 1060 1912 1110 etism
1947 1062 2047 1111 Ed.
2088 1062 2207 1113 Bas.
2230 1062 2365 1112 hune
2389 1078 2570 1113 vocem
2593 1065 2645 1112 in

1581 1153 1739 1202 marg.
1772 1144 1834 1188 ut
1866 1152 1934 1187 ex
1971 1140 2075 1188 Ms.
2112 1140 2343 1189 heustsm
2381 1147 2649 1202 agnoscet.

1581 1215 1740 1266 Simul
1777 1215 1934 1276 enim,
1973 1215 2110 1281 qnod
2166 1217 2417 1267 hactenus
2473 1218 2648 1266 locum

1582 1292 1881 1355 occupavit,
1895 1291 2051 1355 plane
2066 1291 2149 1342 bic
2166 1298 2248 1342 est
2263 1292 2653 1342 inconveniens.

1584 1370 1804 1420 Veteres
1822 1382 1943 1418 vero
1959 1369 2231 1434 eleganter
2246 1369 2345 1420 hec
2365 1384 2493 1420 voce
2510 1370 2656 1419 senet

1586 1453 1708 1496 suut
1731 1445 1828 1496 usi.
1889 1446 2085 1496 Lucan.
2110 1449 2158 1498 8.
2185 1447 2296 1498 147.
2318 1447 2387 1497 de
2409 1448 2648 1497 Coessre:

1589 1526 1604 1554 ‘
1621 1525 1780 1575 semel
1805 1524 1978 1574 omnin
1997 1523 2167 1574 victor
2185 1522 2470 1576 Jusserst!
2505 1529 2565 1574 et
2585 1524 2653 1574 de

1587 1600 1842 1665 Pompeio
1862 1604 1912 1650 8.
1932 1603 2047 1650 ⁷⁰5.
2093 1600 2110 1629 ⁶
2128 1600 2516 1666 Pompeiusque
2531 1599 2653 1664 fuit,

1589 1676 1676 1743 qui
1733 1690 1992 1741 nunquam
2049 1676 2209 1727 mixte
2250 1677 2460 1728 videret
2505 1678 2657 1728 Iaeaets

1590 1754 1739 1805 melis
1761 1772 1775 1806 z
1810 1754 1939 1806 felix
1963 1756 2103 1806 nullo
2131 1755 2378 1806 turbante
2404 1756 2659 1820 Deorum,

1592 1834 1663 1883 Et
1685 1833 1825 1884 nullo
1848 1840 2098 1896 parcente
2123 1833 2298 1883 miser.
2362 1833 2536 1884 Semel
2564 1835 2659 1884 im-

1592 1910 1726 1974 pulit
1747 1909 1890 1959 illum
1908 1910 2081 1960 Dilata
2099 1911 2331 1961 Fortuna
2347 1925 2522 1961 manu.
2545 1913 2658 1976 pnl-

1592 1994 1739 2036 satur
1775 1985 1977 2052 arenis‚’
2032 1989 2133 2037 etc.
2176 1995 2235 2038 et
2275 1988 2420 2039 alibi.
2504 1989 2660 2042 Quod

1593 2065 1761 2127 ipsum
1786 2064 2002 2114 verbum
2021 2066 2345 2116 Tertulliano
2369 2066 2440 2118 .in
2465 2066 2662 2132 Apolo-

1595 2141 1786 2206 getico,
1825 2148 1881 2192 et
1917 2142 2033 2192 eliis
2068 2143 2369 2194 auctoribus
2411 2159 2508 2194 suo
2532 2151 2663 2194 tem-

1596 2233 1722 2283 pore
1773 2219 2110 2270 restituimus.
2195 2220 2368 2284 Semel,
2430 2222 2665 2281 omnino,

1595 2297 1912 2347 emmor-al.
1948 2296 2085 2346 Hsv.
2150 2296 2321 2348 suuni.
2358 2299 2469 2349 Cur
2485 2296 2670 2350 annul?

1599 2373 1786 2424 Nonne
1809 2371 2000 2424 sufficit
2013 2376 2267 2425 admistum
2284 2375 2498 2427 dixisse.
2523 2377 2668 2441 Lege

1599 2465 1713 2501 cum
1738 2451 1853 2502 Lib.
1878 2453 2009 2504 Mss.
2046 2453 2201 2503 semet.
2241 2467 2344 2519 quo
2382 2467 2537 2503 sensu
2567 2455 2668 2504 Lu·

1601 2543 1759 2578 cauus
1800 2531 1991 2580 etium:
2035 2529 2176 2593 alibi,
2212 2539 2268 2581 et
2305 2530 2397 2581 lib.
2440 2535 2493 2580 6.
2528 2529 2669 2581 fine:

1599 2608 1615 2635 ‘
1653 2607 1939 2671 Nequeunt
1994 2607 2218 2656 animum
2278 2607 2379 2658 sibi
2444 2608 2670 2657 reddere

1602 2683 1708 2734 fut·
1762 2686 2079 2749 Consumpto
2122 2686 2232 2750 jam
2279 2686 2405 2750 jure
2471 2683 2674 2736 semel!

1603 2760 1777 2823 Preig.

1670 2845 1766 2890 572
1806 2840 2130 2903 Undequeunt
2154 2840 2327 2904 ualidi]
2365 2840 2527 2891 Hunc
2563 2856 2675 2891 ver·

1605 2931 1713 2966 sum
1739 2917 1984 2980 producit
2003 2923 2187 2967 testem
2206 2917 2409 2968 Nonius
2429 2918 2672 2968 Marcell.

1606 2993 1658 3040 in
1694 3006 1823 3042 voce
1861 2993 1999 3042 silex.
2051 2993 2229 3043 Lamb.
2303 2992 2468 3043 Valeat
2500 2994 2676 3044 silices.

1606 3069 1726 3121 Huc
1760 3070 1994 3133 respexit
2030 3069 2239 3120 Servius
2278 3071 2344 3120 sd
2376 3072 2530 3136 virg.
2554 3071 2672 3121 AEn.

1607 3151 1656 3196 8.
1679 3150 1795 3197 2³8.
1830 3149 1846 3174 ‘
1864 3147 2052 3197 stabat
2072 3155 2226 3198 acute
2247 3148 2420 3208 silex‚’
2443 3149 2522 3199 ite
2542 3151 2676 3199 scri·

1608 3224 1764 3275 bens:
1818 3225 1834 3252 ‘
1856 3224 2002 3274 Pene
2055 3239 2232 3275 omnes
2277 3226 2416 3277 bunc
2469 3226 2674 3276 silicem

1605 3302 1869 3353 dixerunt.
1937 3301 2073 3352 Nam
2107 3309 2163 3353 et
2185 3302 2356 3353 Varro
2388 3308 2446 3353 et
2484 3304 2678 3355 Luere-

1610 3380 1712 3430 tius
1736 3381 1812 3430 itn
1845 3380 2108 3432 dixerunt.
2176 3381 2346 3431 Tanta
2381 3389 2560 3433 tamen
2594 3388 2679 3431 est

1607 3458 1813 3519 Virgilii
1836 3457 2119 3508 auctoritas
2151 3464 2211 3507 nt
2248 3458 2566 3521 persuadent
2586 3471 2676 3508 no·

1609 3534 1705 3596 bis,
1721 3535 1879 3584 etiam
1901 3535 2030 3584 lianc
2051 3534 2247 3584 silicem
2272 3533 2417 3584 dici!
2445 3535 2581 3585 Heu.

1674 3615 1769 3661 ⁵78
1818 3612 1948 3661 Num
1974 3611 2202 3672 funditus
2235 3612 2387 3662 omnis
2429 3612 2684 3677 Prtnes'ps'·

1595 3689 1934 3753 fundamenta]
1967 3691 2381 3741 Fundamentum
2424 3691 2680 3757 cujusque

1613 3768 1688 3817 rei
1720 3767 1880 3817 debet
1921 3781 2030 3816 esse
2069 3766 2417 3816 firmissimum
2458 3782 2524 3816 ec
2560 3767 2680 3816 soli·

1613 3844 1893 3893 dissimum.
1959 3843 2034 3892 At
2088 3844 2131 3893 si
2187 3843 2450 3906 principie
2504 3858 2680 3894 rerum

1613 3927 1791 3971 esseut
1829 3920 2022 3982 mollis,
2066 3918 2462 3969 fundamentum
2503 3934 2679 3971 rernm

1614 3998 2093 4047 naturalium-esset
2129 3995 2410 4058 infirmnm,
2448 3997 2684 4047 imbecil-

1613 4076 1736 4134 lum,
1755 4072 1960 4138 fragile,
1979 4079 2034 4122 et
2059 4072 2330 4123 caducum.
2401 4073 2545 4138 Ergo
2575 4074 2683 4138 pri-

1611 4151 1831 4215 mordia,
1849 4164 1939 4201 seu
1960 4148 2215 4214 principis
2237 4161 2412 4197 rerum
2434 4163 2536 4199 non
2559 4158 2682 4198 sunt

1613 4229 1805 4294 mollis,
1828 4226 1922 4278 sed
1943 4226 2118 4292 potius
2140 4223 2470 4278 solidissima.
2513 4225 2687 4279 Iane.
