3009 4925
527 410 701 478 1174

594 573 694 622 w
724 565 927 619 Accessi
945 566 1131 631 sensus]
1155 566 1245 617 Sic
1266 565 1491 633 loquitur
1513 565 1588 616 in-

527 648 613 700 fra
632 646 751 698 eod.
774 647 863 698 lib.
900 649 1015 696 957.
1068 643 1203 695 ‘leti
1243 644 1592 695 dominantem

528 725 585 775 in
603 735 823 787 corpore
837 728 1033 771 motum
1049 720 1423 782 Discutere,ac
1441 732 1590 783 paene

530 801 741 851 amissos
777 798 1067 849 accendere
1112 796 1324 847 sensus.'
1375 800 1426 846 8.
1476 798 1591 846 837.

529 878 547 905 ‘
565 889 806 927 accensus
828 875 974 924 nobis
1017 888 1112 938 per
1141 872 1343 922 viscera
1377 870 1592 923 sensus!

527 952 698 1002 hab.
765 949 1015 1001 Excitati.
1057 947 1146 999 Ita
1159 949 1343 999 Cicero
1363 948 1416 997 in
1443 953 1490 998 l.
1524 949 1590 998 de

531 1030 778 1092 Oratore,
796 1042 899 1079 non
918 1029 1066 1091 longe
1089 1042 1120 1077 a
1137 1026 1328 1078 medio.
1391 1026 1494 1077 Sed
1513 1028 1587 1077 lo-

529 1119 622 1158 cus
644 1119 745 1157 non
762 1106 1033 1156 succurrit.
1064 1105 1187 1155 Feb.

591 1182 896 1232 Amnem
916 1181 1165 1246 qumque]
1187 1181 1410 1233 Quidam
1427 1180 1590 1231 Vete-

532 1272 653 1309 resz
686 1258 997 1308 ωιιῖιιιωιίιιιιι.
1030 1257 1142 1310 Gif.

590 1338 689 1385 948
703 1335 947 1385 Preteres
955 1334 1590 1400 qumvisunimuuleiasscd

539 1411 690 1475 Opus
707 1413 1057 1479 prosequitur,
1090 1422 1149 1465 et
1187 1428 1362 1464 rursus
1382 1429 1483 1463 vss.
1508 1418 1588 1467 1⁰.

533 1489 691 1542 fldem
715 1492 1056 1557 experientiae
1072 1493 1348 1556 implorat:
1390 1492 1588 1557 quippe

529 1568 806 1618 vehemens
838 1569 995 1630 ictus,
1033 1570 1119 1634 qui
1163 1569 1234 1618 nil
1277 1569 1416 1620 aliud
1460 1571 1585 1632 agit,

531 1658 687 1710 quam
728 1651 787 1695 ut
819 1646 984 1695 solvat
1016 1651 1275 1695 texturam
1309 1651 1366 1694 et
1384 1659 1587 1709 compa·

535 1736 627 1786 ges
646 1722 1087 1786 corpusculorum,
1118 1735 1151 1772 e
1173 1721 1361 1786 quibus
1384 1728 1590 1772 constat

537 1798 743 1863 animal,
786 1811 989 1849 ornnem
1027 1813 1231 1849 sensum
1269 1798 1477 1863 penitus
1505 1799 1592 1848 de·

534 1876 712 1937 struit,
743 1882 922 1940 torpet
944 1875 1152 1938 animnl,
1177 1874 1459 1938 dissipatur
1482 1875 1591 1925 ani-

536 1965 643 2015 ma,
682 1957 757 2016 et,
780 1952 1048 2016 particulis
1084 1950 1223 2001 illius
1245 1964 1339 2015 per
1360 1965 1514 2015 poros
1537 1957 1592 2000 et

531 2035 734 2079 meatus
752 2043 784 2078 e
799 2043 1019 2095 corpore
1036 2028 1240 2095 ejectis,
1258 2030 1592 2095 consequitur

528 2103 800 2156 interitus.
839 2106 1033 2158 cmc-k.

595 2184 695 2230 944
725 2181 961 2246 Δᾶμίς-ἐι]
1009 2182 1094 2232 Ad
1143 2188 1333 2234 terram
1387 2182 1590 2245 dejicit,

535 2270 628 2306 seu
653 2256 850 2322 abjicit,
867 2256 1175 2322 προσουδίζει.
1205 2259 1396 2309 Horat.
1414 2260 1521 2309 Sat.
1539 2265 1588 2310 2.

541 2337 592 2383 2.
619 2337 706 2383 79.
773 2335 790 2363 ‘
814 2334 991 2400 Atque
1014 2332 1217 2400 adfligit
1232 2335 1590 2387 bumodiviuae

535 2410 849 2475 particulam
864 2411 1040 2464 aurae?
1071 2412 1237 2463 Lmb.
1386 2429 1393 2436 ⁴

597 2491 697 2537 949
750 2489 797 2539 Ε
838 2504 1028 2554 corpore
1061 2488 1226 2553 vluit]
1270 2489 1362 2542 Sic
1402 2490 1593 2541 babent

494 2588 509 2603 ·
538 2569 646 2614 tres
677 2564 799 2616 libri
832 2567 1170 2631 manuscript.
1206 2567 1312 2624 alii.
1350 2583 1381 2616 u
1399 2582 1594 2632 corpore

534 2639 694 2691 aluit.
760 2641 985 2694 Quidam
1010 2643 1152 2694 docti
1175 2643 1452 2709 legendum
1469 2658 1590 2695 cen·

538 2723 671 2780 seut,
691 2717 746 2768 ιἰι
766 2733 971 2783 corpore.
1006 2720 1188 2771 Lamb.

570 2800 699 2865 κ950
733 2797 832 2848 Per
847 2797 1030 2862 caulas]
1049 2800 1065 2828 ‘
1085 2799 1263 2850 Cauloe
1284 2814 1317 2850 a
1331 2814 1459 2851 cavo
1481 2799 1593 2852 dic-

535 2877 607 2921 tae
636 2872 795 2935 sunt,'
813 2873 1008 2940 (iuquit
1040 2875 1268 2942 Festus.)
1312 2878 1328 2905 ‘
1356 2878 1594 2942 Antiqui-

538 2954 623 2997 tus
656 2948 793 2998 enim
830 2958 953 3001 ante
994 2965 1138 3001 usum
1184 2958 1440 3003 tectorum
1470 2967 1596 3003 oves

532 3023 590 3073 in
607 3024 769 3075 antris
793 3025 1206 3078 claudebantur!
1238 3030 1347 3079 Per
1369 3029 1595 3080 ‘caulas’

536 3100 696 3164 igitur
729 3103 964 3167 corporis
1006 3103 1272 3168 siguificat
1302 3106 1458 3156 Lucr.
1480 3120 1596 3169 pur-

537 3174 637 3229 teis
666 3193 820 3230 cavas
853 3187 910 3231 et
942 3181 1143 3231 inaneis
1166 3182 1432 3246 corporisz
1467 3197 1595 3247 quas

537 3256 693 3320 vulgo
712 3260 729 3287 ‘
748 3263 948 3308 meatus
965 3257 982 3280 ²
997 3273 1088 3309 seu
1120 3258 1334 3324 ‘poros'
1366 3261 1596 3324 appella-

536 3347 670 3383 mus.
708 3335 874 3385 utitur
893 3335 1075 3387 endem
1095 3349 1221 3386 voce
1236 3340 1286 3386 8.
1305 3340 1420 3387 956.
1453 3337 1595 3387 ‘Dis-

538 3411 768 3474 pertitur
811 3412 949 3463 enim
1005 3408 1103 3478 pe‘r
1144 3416 1318 3464 caulas
1360 3416 1595 3478 corporis

536 3487 767 3538 omneis?
802 3498 858 3539 et
882 3492 934 3540 4.
957 3494 1073 3541 624.
1094 3489 1110 3520 ‘
1127 3502 1222 3553 per
1244 3490 1419 3540 caulas
1442 3503 1594 3541 omne

536 3564 702 3627 palati
724 3564 983 3616 Diditur!
1024 3573 1082 3616 et
1106 3570 1158 3616 6.
1193 3570 1310 3616 491.
1343 3567 1359 3594 ‘
1383 3566 1596 3630 Disper-

537 3648 667 3703 gunt
687 3643 879 3693 animus
903 3657 996 3707 per
1019 3642 1195 3694 caulas
1231 3643 1463 3708 corporis
1486 3657 1593 3692 orn·

538 3717 684 3767 ucis!
748 3719 877 3769 Cum
904 3726 1079 3769 autem
1100 3721 1213 3770 baec
1244 3719 1394 3782 fiunt,
1413 3719 1596 3770 interit

535 3793 741 3843 animal.
762 3794 931 3846 Lamb.
950 3796 1071 3845 Vox
1091 3796 1416 3858 Lucretiam,
1438 3809 1592 3859 poros

540 3875 599 3917 et
613 3876 814 3918 meatus
834 3871 1063 3934 corporis
1079 3870 1388 3932 significans.
1410 3871 1596 3921 ‘Cave-

538 3942 607 3992 la’
642 3957 734 3993 seu
771 3947 960 4007 cavila,
994 3945 1231 4011 ‘fugela,’
1266 3946 1406 4009 fuga.
1442 3947 1563 3998 Feb.

607 4022 703 4069 95⁸
745 4020 825 4069 Fit
843 4035 1037 4085 quoque,
1067 4026 1145 4073 uti
1177 4026 1261 4074 sol.
1290 4025 1447 4074 urim
1478 4025 1597 4090 cbk]

537 4093 603 4144 Id
626 4109 742 4145 cum
754 4094 836 4159 fit,
855 4097 1174 4149 convalescit
1200 4100 1406 4150 animal.
1426 4100 1593 4152 Lamb.

538 4171 793 4223 Declarat
813 4174 972 4223 etiam
1009 4184 1391 4241 consequenter
1424 4192 1527 4229 νει.
1546 4183 1595 4230 9.

539 4248 585 4297 si
607 4246 741 4298 ictus
763 4247 924 4300 fuerit
955 4251 1129 4314 paullo
1150 4252 1417 4304 remissior
1439 4269 1593 4318 posse

542 4334 665 4388 post
683 4325 1054 4393 aliquantulam
1072 4331 1487 4395 corpusculorum
1504 4347 1596 4384 ex·

1226 425 1439 474 NOTAE
1489 423 1894 474 VARIORUM
1945 424 2025 473 IN

1665 565 2007 616 turbationem
2030 569 2195 615 status
2213 564 2598 619 restitutionem
2627 568 2717 620 fie-

1666 644 1731 707 ri,
1750 644 1894 709 quasi
1911 643 2252 708 dispositione
2268 643 2335 693 ad
2351 651 2527 695 motus
2541 646 2716 697 vitales

1666 720 1960 772 dominante
1982 719 2173 783 adhuc,
2205 735 2377 786 neque
2410 723 2622 773 omniuo
2643 737 2719 773 re·

1666 796 1834 846 soluta
1856 813 1871 847 ι
1898 797 1973 847 sic
2018 796 2179 862 sopiti
2209 798 2512 848 excitantur
2532 814 2722 862 sensus,

1665 874 1864 939 abipso
1885 874 2066 926 mortis
2083 874 2260 926 limine
2281 875 2438 939 redit,
2461 885 2521 926 et
2537 891 2719 927 conva-

1665 950 1815 1001 lescit
1848 951 2059 1002 animal.
2124 951 2262 1002 Haec
2304 951 2497 1014 omnia,
2531 950 2719 1016 fateor,

1666 1027 1828 1076 voluit
1867 1026 2163 1090 Lucretius,
2204 1028 2300 1077 sed
2341 1042 2410 1078 au
2447 1028 2504 1078 hi
2546 1044 2720 1079 versus

1573 1125 1580 1132 ·
1662 1101 1775 1152 linc
1818 1103 2150 1167 omnislsatis
2183 1102 2507 1168 exprimant,
2541 1106 2722 1155 merito

1664 1180 1893 1232 dubium.
1955 1183 2091 1233 Tota
2120 1189 2295 1232 autem
2316 1181 2576 1245 integrior
2595 1180 2724 1233 foret

1661 1258 1939 1320 sententia,
1953 1257 1997 1306 si
2012 1258 2295 1308 reducatur
2310 1272 2388 1309 vs.
2402 1262 2554 1309 1⁰⁰⁹.
2577 1258 2725 1325 (Ἧι-

1663 1348 1727 1383 ve
1772 1341 1923 1398 putes
1955 1335 2169 1385 aetema’
2204 1335 2326 1398 lego
2371 1336 2596 1401 interna)
2632 1351 2724 1387 una

1631 1424 1780 1482 ‘curn
1839 1410 2040 1461 duobus
2081 1411 2423 1476 sequentibus
2479 1413 2640 1479 (qnos
2673 1414 2723 1462 in

1662 1489 1781 1554 isto,
1804 1489 1857 1539 in
1880 1505 1980 1555 quo
2002 1505 2136 1542 nunc
2162 1493 2429 1556 leguntur,
2465 1494 2585 1542 loco
2605 1492 2724 1542 nihil

1663 1580 1819 1631 agere
1862 1567 2250 1632 demonstrabo)
2293 1575 2349 1618 et
2387 1569 2562 1619 versui
2605 1572 2720 1618 958.

1662 1643 2036 1709 subjungatur:
2085 1645 2168 1695 bic
2199 1644 2338 1694 euim
2374 1646 2584 1710 positus
2627 1645 2720 1694 Lu·

1663 1720 1816 1769 cretii
1837 1727 2062 1771 ruentem
2086 1720 2389 1786 explicabit,
2409 1729 2470 1771 et
2504 1722 2618 1772 vim
2640 1721 2725 1770 ob-

1655 1795 1904 1858 Jectiouis
1943 1796 2170 1861 franget,
2204 1805 2389 1848 contra
2426 1811 2587 1862 quam
2623 1811 2726 1846 non

1665 1873 1792 1923 sutis
1813 1873 2082 1937 provisum
2099 1872 2322 1922 videtur.
2393 1873 2619 1937 Quippe
2641 1872 2728 1922 ali-

1665 1949 1779 2014 quis
1799 1950 1961 2012 dicat,
1980 1951 2026 1999 si
2058 1948 2125 1999 ab
2149 1949 2256 1999 ictu
2279 1948 2586 1999 vehementi
2625 1949 2728 1998 ani·

1663 2040 1762 2076 mae
1805 2025 2082 2092 particular
2120 2026 2569 2090 disjungerentur,
2600 2040 2726 2076 nun-

1664 2118 1815 2170 quam
1862 2105 2050 2156 iterum
2082 2104 2321 2169 recolligi
2363 2104 2592 2169 possint,
2637 2104 2727 2154 sed

1666 2180 1915 2246 dispersas
1959 2183 2249 2245 avolarent,
2267 2188 2324 2232 et
2345 2181 2539 2231 animal
2563 2183 2724 2232 inter·

1665 2257 1787 2308 iret.
1879 2257 2112 2325 Ideoque
2150 2260 2284 2309 ictus
2325 2257 2450 2320 istc,
2489 2258 2580 2323 qui
2618 2273 2732 2308 sen·

1666 2348 1780 2384 sum
1805 2335 2157 2400 interrumpit,
2175 2335 2370 2402 aliquid
2402 2336 2550 2385 aliud
2571 2336 2730 2386 omui·

1666 2424 1734 2459 no
1777 2412 1909 2476 agit,
1926 2425 2082 2478 quam
2114 2417 2176 2460 ut
2209 2411 2497 2476 particulas
2542 2412 2728 2462 animat

1667 2486 1921 2538 discutiat
1952 2495 2009 2539 et
2031 2488 2312 2553 disjungat.
2355 2488 2518 2553 Resp.
2543 2488 2732 2540 Incre-

1666 2565 1789 2628 tius,
1821 2566 1947 2617 licet
1981 2581 2046 2617 ea
2077 2570 2291 2631 semina,
2326 2582 2445 2632 quse
2478 2568 2536 2617 in
2557 2582 2730 2618 rerum

1664 2641 1939 2707 superficie
1959 2644 2063 2695 sita
2082 2651 2223 2705 suut,
2244 2644 2484 2710 quolibet
2500 2645 2612 2695 ictu
2627 2645 2724 2694 dis-

1659 2719 1849 2783 juncta
1886 2720 2130 2783 avolent;
2176 2721 2268 2770 illa
2309 2729 2508 2784 tamen,
2537 2736 2654 2787 qua
2677 2721 2727 2770 in

1666 2794 1863 2846 intimis
1907 2797 2140 2861 corporis
2191 2796 2336 2847 venis
2372 2798 2728 2870 continentur,

1668 2887 1774 2924 non
1794 2879 1905 2923 tam
1927 2873 2078 2924 facile
2096 2874 2354 2940 dissipari.
2391 2875 2592 2925 Creeeh.

1735 2953 1835 3000 95⁴
1879 2950 2111 3015 Rslliqui]
2144 2951 2231 3001 Ita
2252 2951 2476 3003 restitui.
2542 2950 2608 3001 lu
2627 2966 2728 3001 om-

1671 3027 1822 3078 nibus
1845 3028 1995 3079 libris
2033 3028 2180 3080 fere:
2215 3030 2455 3094 fletuque
2471 3035 2628 3080 mom
2663 3031 2730 3079 si·

1674 3106 1813 3155 tales.
1878 3104 2122 3170 Vulgatiz
2156 3105 2413 3169 Rells'quioe
2433 3106 2729 3156 mussita-

1672 3181 1756 3231 les.
1822 3180 1961 3231 Vide
1984 3179 2224 3232 Iudicem
2244 3198 2259 3231 ι
2277 3183 2294 3209 ⁸
2309 3182 2576 3248 Relliqui.’
2599 3182 2707 3244 Gis.

1748 3256 1947 3307 Vincere
1984 3272 2127 3321 sepe,
2154 3256 2376 3321 Vincere]
2414 3258 2730 3320 Πιλιλληία.

1670 3332 1758 3383 Sic
1780 3333 1893 3384 Cic·
1916 3333 2084 3384 Arato
2106 3349 2121 3382 ι
2155 3334 2171 3362 ‘
2185 3334 2258 3384 Et
2277 3334 2554 3385 matutinis
2591 3349 2730 3385 acre-

1670 3408 1796 3459 dula
1835 3409 2047 3460 vocibus
2085 3409 2262 3472 instat,
2293 3409 2528 3461 Vocibus
2558 3411 2733 3473 instat,

1670 3492 1726 3535 et
1747 3486 1984 3537 assiduas
2008 3486 2144 3553 jacit
2161 3501 2255 3538 ore
2285 3488 2566 3552 querelas.'
2589 3489 2730 3540 Idem

1671 3563 1883 3614 Lueret.
1907 3568 1957 3613 8.
1982 3564 2203 3630 princip.
2269 3564 2286 3595 ⁴
2311 3564 2507 3615 Omnia
2539 3567 2617 3618 sic
2649 3566 2731 3616 iti·

1677 3639 1796 3690 dem
1837 3640 2170 3706 depascimur
2207 3655 2361 3692 aurea
2393 3642 2574 3693 dicta:
2627 3643 2732 3695 Au-

1670 3718 1801 3782 rea,'
1844 3721 1947 3768 dcc.
1989 3718 2125 3769 idem
2159 3724 2212 3769 5.
2252 3721 2368 3769 299.
2438 3721 2455 3748 ‘
2477 3720 2732 3786 Suppedi-

1671 3801 1784 3845 tare
1824 3808 2016 3846 novum
2055 3796 2249 3859 lumen,
2272 3802 2496 3847 tremere
2525 3799 2732 3863 ignibus

1670 3871 1891 3933 instant,
1913 3872 2159 3937 Instant,’
2176 3875 2277 3924 διο.
2292 3880 2349 3923 et
2367 3874 2521 3939 virg.
2543 3879 2597 3925 9.
2618 3879 2730 3925 vu.

1670 3950 1687 3977 ‘
1712 3956 1769 4000 et
1800 3949 2021 4000 amicum
2074 3950 2267 4001 Cretes.
2305 3950 2500 4014 Musis,
2544 3952 2732 4003 cretea

1671 4026 1940 4076 Musarum
1965 4024 2244 4089 comitem,'
2265 4027 2366 4076 &c-
2410 4026 2732 4093 Hos-‚Epod.

1675 4105 1757 4151 11.
1792 4106 1843 4151 2.
1876 4103 1893 4130 ‘
1921 4116 2096 4151 amore
2132 4102 2430 4166 perculsum
2463 4103 2634 4168 gravi,
2662 4103 2732 4153 A·

1671 4193 1833 4242 more,
1875 4180 1964 4244 qui
2007 4193 2089 4228 me
2127 4185 2324 4243 praeter
2356 4179 2596 4243 omne-is,'
2634 4182 2732 4231 &c-

1671 4262 1731 4306 et
1752 4256 1921 4321 Epod.
1946 4260 2028 4307 16.
2053 4259 2141 4308 64.
2182 4257 2199 4285 ‘
2222 4255 2299 4305 Ut
2319 4255 2608 4321 inquinavit
2629 4270 2731 4306 ere

1673 4338 1882 4398 tempus
1924 4346 2155 4399 aureum,
2188 4330 2332 4398 AEre,
2364 4331 2557 4387 dehinc
2591 4330 2732 4383 ferro
