3009 4925
520 379 695 446 1326

521 554 594 592 os.
636 538 723 589 Sic
745 537 929 603 passim
949 536 1160 602 proprio
1178 542 1389 600 superet
1410 536 1581 598 splen-

522 615 648 667 dore
665 616 847 681 poetas
869 616 1090 679 Omnes,
1109 616 1372 665 Musarum
1407 614 1580 662 lumen

526 694 783 744 Homerus
826 694 1053 745 habens:
1098 693 1161 742 In
1208 692 1358 742 initio
1406 698 1579 740 nutem

522 786 703 822 versus
720 771 1016 821 Lucretisni
1030 768 1437 833 Restiaxs'tjuxta
1452 766 1580 817 Mss.

522 856 581 897 ut
620 847 748 909 dixi,
785 846 1114 898 scribendum
1144 853 1246 909 est,
1281 860 1428 910 oeque
1447 851 1507 895 ut
1529 848 1579 894 5.

509 929 636 975 120.
670 930 685 955 ⁸
703 924 1026 988 restinguere
1042 923 1236 973 solem!
1270 929 1327 972 et
1358 922 1374 948 ‘
1394 918 1582 970 restin-

523 1001 608 1064 gui
641 999 914 1052 flemmum’
960 1004 1010 1049 4.
1056 1002 1202 1053 1081.
1244 1003 1301 1046 et
1355 995 1581 1060 deniqne

521 1078 876 1140 ‘restinguere
906 1073 1113 1140 ignem'
1147 1079 1199 1125 4.
1234 1077 1347 1124 871.
1381 1072 1431 1122 in
1470 1056 1584 1136 qui·

520 1152 616 1203 bns
632 1152 869 1203 omnibus
891 1152 1021 1202 locis
1038 1157 1094 1200 et
1105 1150 1358 1201 similibus
1378 1147 1506 1198 illud
1529 1164 1583 1202 re

521 1231 618 1280 vim
643 1230 1013 1295 duplicationis
1026 1228 1241 1286 amittit,
1256 1234 1312 1277 et
1334 1225 1458 1276 nihil
1481 1226 1582 1277 nisi

520 1307 862 1357 intensionem
886 1305 1129 1356 admittit.
1166 1304 1296 1356 Hau.

586 1388 716 1433 1050
753 1378 1032 1447 Propejam
1051 1385 1158 1432 vieo
1194 1387 1334 1446 utque
1373 1376 1581 1443 uidenti]

519 1462 661 1510 Ζῶνη
682 1458 761 1509 καὶ
782 1460 963 1523 ὁρῶντι,
984 1458 1316 1523 proverbium
1340 1458 1465 1507 olet.
1490 1456 1581 1507 Sic

520 1537 658 1587 idem
693 1537 901 1587 Luoret.
941 1541 989 1587 δ.
1028 1539 1145 1587 901.
1181 1536 1197 1563 ‘
1219 1535 1357 1584 Viva
1401 1534 1582 1585 videns

519 1613 638 1675 vivo
660 1608 869 1676 sepeliri
890 1611 1086 1662 viscera
1110 1609 1295 1662 busto.’
1329 1609 1452 1660 Ter.
1477 1610 1578 1659 Eu-

520 1688 671 1742 nuch.
695 1694 743 1739 1.
762 1692 808 1738 1.
828 1690 911 1739 28.
943 1689 959 1715 ‘
980 1687 1146 1749 vivus,
1179 1686 1463 1750 vidensque
1488 1699 1580 1749 pe-

520 1763 647 1817 rco.'
719 1764 793 1816 M.
812 1764 950 1816 Tull.
971 1779 1066 1828 pro
1089 1764 1369 1816 Quinctio:
1404 1764 1420 1792 ‘
1441 1762 1582 1813 Huic

518 1840 905 1891 acerbissimum
930 1840 1049 1891 vivo
1090 1840 1387 1906 videntique
1425 1837 1581 1890 funus

519 1914 765 1966 (inicitur.⁸
827 1915 973 1967 Idem
1001 1931 1096 1980 pro
1119 1916 1186 1966 P.
1202 1917 1386 1968 Sextio
1411 1931 1425 1963 :
1457 1915 1473 1942 ‘
1491 1913 1582 1965 Vi·

519 1992 642 2043 vus'
685 1993 770 2058 (ut
805 1992 975 2059 aiunt)
1008 1994 1127 2043 ‘est
1171 1997 1228 2043 et
1258 1993 1438 2042 videns
1461 2006 1580 2042 cum

516 2071 655 2120 victu
673 2085 733 2122 nc
752 2072 943 2121 vestitu
967 2085 1059 2122 suo
1076 2068 1403 2136 publicatus!
1427 2070 1581 2120 Plan·

518 2153 601 2197 tus
622 2147 854 2199 Mostell.
876 2152 925 2197 2.
951 2152 999 2199 1.
1017 2152 1100 2198 80.
1131 2149 1146 2174 ‘
1174 2146 1349 2199 Ludos
1367 2161 1466 2211 ego
1488 2147 1580 2196 ho·

515 2224 602 2273 die
628 2225 744 2276 vivo
785 2224 1034 2287 praesenti
1069 2224 1153 2273 liic
1195 2224 1304 2273 seni
1348 2224 1580 2288 Faciam,

516 2300 657 2365 quod
694 2301 852 2351 credo
890 2307 1096 2350 mortuo
1125 2314 1401 2364 numquam
1430 2297 1578 2349 fore!

519 2375 807 2441 Antiphon,
827 2376 1062 2427 oratione
1086 2376 1316 2426 secunda
1334 2390 1402 2426 ex
1425 2390 1576 2426 accu-

517 2455 722 2506 satione
740 2455 876 2521 ejus,
890 2454 977 2522 qui
989 2453 1199 2520 juvenis
1218 2469 1393 2505 senem
1414 2454 1575 2504 inter-

515 2531 677 2584 fecit:
713 2533 862 2606 ‘ligas
880 2552 954 2593 τε,
974 2530 1086 2584 τοὺς
1106 2533 1413 2595 τιμωροῦννας
1434 2531 1576 2597 αὐτᾷ,

513 2607 611 2672 ζῶν
637 2628 695 2661 're
734 2610 812 2661 καὶ
850 2609 1042 2668 βλέπων
1079 2608 1248 2673 φονέας
1270 2608 1412 2660 αὐτοῦ
1432 2607 1578 2674 φησὶν

514 2679 645 2736 εἶναι.
661 2685 700 2737 i.
718 2702 767 2737 e.
799 2688 815 2716 ‘
843 2693 899 2737 et
920 2701 1030 2750 nos,
1060 2688 1147 2753 qui
1171 2686 1219 2736 ei
1243 2688 1575 2752 opitulemur,

514 2763 661 2813 vivus
684 2770 741 2813 et
756 2762 938 2813 videns
961 2763 1039 2811 sui
1059 2762 1426 2813 interfectores
1459 2777 1576 2812 esse

514 2837 682 2889 dicit.'
726 2840 991 2891 AEschines
1014 2835 1138 2890 κατὰ
1155 2847 1361 2905 Κτησιφ.
1381 2841 1451 2890 Τὰ
1466 2836 1579 2889 δέκα

510 2913 727 2965 τάλαντα
746 2916 970 2981 ὁρώντων,
986 2913 1578 2980 φρονούντων,βλετόντων

515 2991 638 3052 ὑμῶν
659 2991 828 3042 ἔλαθον
857 2993 1172 3056 ὑφελώμενοιε
1210 2995 1243 3043 ἰ.
1263 3009 1310 3044 e.
1344 2995 1360 3021 ‘
1377 2994 1573 3044 Decem

514 3071 733 3132 talenta,
764 3067 1078 3136 videntibus,
1098 3072 1463 3133 sentientibus,
1497 3086 1575 3120 as·

513 3131 828 3211 picieutibus
880 3147 1025 3198 vobis
1077 3147 1256 3200 furtim
1299 3147 1573 3199 subtraxe-

512 3219 673 3274 runt?
724 3223 892 3275 lamb.
978 3225 1066 3276 Ita
1094 3226 1252 3276 vidua
1308 3228 1572 3278 luxurians

514 3295 649 3363 ζῶσα
665 3295 1056 3365 τέθνηκε,ΡιιιΙο
1082 3308 1126 3355 l.
1149 3305 1279 3356 Tim.
1297 3310 1346 3354 5.
1362 3310 1413 3356 6.
1439 3306 1572 3356 flav.

581 3384 706 3429 1061
745 3381 813 3430 Ee
837 3380 1044 3443 vigilans
1079 3379 1269 3445 stertis]
1322 3382 1408 3432 Sic
1450 3381 1575 3432 Am-

511 3455 720 3522 phitryo
757 3458 844 3507 ille
882 3458 935 3506 in
961 3455 1204 3507 Comoed.
1238 3458 1316 3508 sui
1356 3459 1573 3510 nominis

512 3534 650 3597 apud
675 3533 850 3584 Plaut.
887 3536 934 3583 2.
958 3537 997 3583 1.
1024 3535 1139 3585 1⁷0.
1183 3534 1198 3562 ‘
1220 3534 1304 3585 vix
1328 3537 1466 3600 apud
1489 3552 1573 3588 me

509 3623 648 3658 sum:
674 3609 912 3674 vigilans
928 3625 1090 3675 prope
1111 3610 1330 3672 dormio,
1350 3613 1571 3678 vigilans

507 3687 720 3748 somnio,
762 3687 906 3737 vivus
941 3694 998 3737 et
1037 3703 1192 3738 sanus
1231 3689 1466 3740 intereo!
1504 3705 1571 3739 ex

509 3777 611 3828 quo
643 3763 1005 3814 ‘dormitator’
1030 3764 1097 3813 ab
1132 3764 1313 3815 eodem
1360 3779 1454 3830 pro
1479 3764 1569 3816 de·

505 3841 605 3890 liro
629 3849 685 3890 et
715 3841 900 3890 stolido
933 3841 1159 3905 ponitur.
1195 3841 1360 3892 Lamb.

575 3921 699 3965 1062
727 3918 871 3965 Cassa
882 3916 1166 3983 formidine]
1187 3918 1340 3969 Inani
1363 3912 1567 3980 (rmore.

575 4071 700 4118 1064
737 4067 938 4132 Ebrius]
973 4069 1174 4122 Μεθύων.
1192 4073 1438 4124 Tralatio.
1479 4073 1567 4123 Sic

508 4144 892 4194 Demosthenes
938 4145 1236 4212 Philippum
1282 4151 1411 4200 dicit
1451 4165 1567 4201 esse

506 4222 522 4249 ‘
546 4222 744 4272 ebrium
765 4222 916 4271 rebus
932 4223 1172 4273 secundis
1188 4224 1220 4287 ς’
1241 4234 1297 4276 et
1313 4227 1568 4278 Horatius

504 4299 834 4364 Cleopatram
865 4299 1106 4352 ‘fortuna
1146 4303 1284 4354 dulci
1320 4304 1571 4357 ebriama'

1197 390 1442 455 ‘NOTAE
1490 389 1893 438 vAmoRuu
1944 387 2024 436 ιιι

1656 541 1713 585 et
1731 532 2040 583 Theocritus
2060 530 2319 597 quendam
2340 529 2360 561 ‘
2374 530 2565 582 ictibus
2584 530 2715 583 ebri-

1660 609 1783 661 itm.⁹
1816 609 1989 660 Lamo.

1725 687 1904 737 Ebrius
1919 684 2071 749 curie]
2089 686 2256 737 Quem
2273 699 2414 734 cnrae
2427 690 2720 749 penetrant,

1656 763 1899 813 subeunt.
1964 763 2090 811 Tale
2114 762 2237 825 quid
2282 761 2423 824 apud
2459 762 2719 811 Plautum.

1660 842 1731 893 Et
1766 841 1885 891 liine
1918 840 2141 903 intelligi
2177 842 2321 890 locus
2362 841 2449 889 ille
2486 839 2719 889 Terentii

1657 919 1835 981 debet,
1884 919 2227 968 ‘Temulenta
2270 917 2365 969 es.’
2442 919 2571 966 Tum
2615 918 2719 979 illa,

1657 996 1777 1046 ‘Sic
1795 994 1934 1057 sint,'
1955 995 2143 1060 inquit,
2164 996 2284 1060 ‘qui
2316 995 2441 1045 mihi
2465 996 2602 1043 male
2634 1009 2721 1041 vo-

1656 1071 1806 1122 lunt.'
1850 1072 1905 1122 in
1952 1070 2184 1123 Eunuch.
2219 1075 2270 1123 4.
2313 1075 2367 1122 3.
2400 1075 2485 1123 12.
2540 1072 2721 1121 ‘ebrie

1657 1150 1824 1211 malis,
1869 1147 2210 1214 aegritudine!
2273 1149 2409 1199 Nam
2449 1149 2504 1198 in
2542 1163 2609 1198 eo
2644 1163 2720 1197 ar·

1656 1232 1905 1289 gumento
1941 1233 1997 1277 et
2016 1224 2075 1275 τὸ
2107 1227 2123 1255 ‘
2144 1224 2348 1275 ebrius’
2383 1225 2719 1291 usurpabunt.

1663 1304 1830 1355 Faber.

1723 1384 1848 1430 1065
1883 1377 2042 1444 Atque
2070 1378 2267 1443 incerto,
2311 1378 2421 1442 &al
2470 1378 2536 1429 In
2580 1381 2721 1445 vulg.

1656 1464 1714 1507 et
1724 1455 1990 1508 veteribus
2006 1456 2313 1522 quibusdam
2330 1473 2345 1507 ε
2366 1457 2551 1506 auium
2568 1458 2720 1507 mab.

1659 1532 1832 1594 Gyan.
1897 1533 2079 1584 Ordo-t
2116 1533 2348 1585 Fluitsns
2381 1533 2591 1584 incerto
2612 1533 2719 1585 ani-

1654 1615 1726 1664 mi
1750 1628 1927 1666 errore
1950 1616 2175 1679 vagaris.
2236 1616 2255 1642 ⁴
2278 1615 2440 1665 Error
2454 1612 2646 1664 enimi’
2663 1618 2720 1663 et

1653 1693 1669 1721 ‘
1693 1706 1837 1742 error
1857 1690 2066 1745 mentis'
2089 1691 2214 1759 qnid
2249 1682 2551 1755 significent
2583 1690 2722 1755 apud

1654 1770 1957 1834 scriptores,
1999 1783 2106 1819 non
2158 1768 2437 1820 obscurum
2484 1775 2588 1818 est.
2645 1766 2720 1819 Μ.

1653 1845 1789 1895 Tull.
1830 1845 1921 1896 lib.
1943 1849 1993 1895 ⁸.
2012 1845 2183 1911 Epist.
2214 1844 2282 1897 ed
2303 1843 2477 1897 Attic.
2542 1846 2561 1873 ‘
2585 1844 2721 1897 Nm

1656 1921 1795 1987 quod
1836 1922 2041 1985 scribis,
2088 1928 2143 1972 te
2186 1921 2387 1984 audire,
2428 1935 2515 1973 me
2564 1919 2720 1971 etisrn

1654 1999 1847 2050 mentis
1870 2014 2047 2050 errore
2082 2013 2147 2050 ex
2185 2000 2369 2049 dolore
2404 1997 2564 2061 affici,
2599 1998 2723 2048 mihi

1654 2090 1778 2127 vero
1801 2091 1946 2128 mens
1967 2075 2172 2141 integra
2193 2076 2305 2127 est-⁹
2369 2074 2521 2126 Idem
2559 2074 2650 2126 lib.
2668 2080 2723 2125 ὃ.

1655 2153 1824 2218 Epist.
1845 2153 1912 2203 sd
1924 2153 2106 2203 Famil.
2127 2154 2144 2181 ‘
2159 2152 2278 2203 Hoc
2290 2152 2344 2203 in
2356 2165 2592 2203 sermone
2606 2165 2722 2202 eum

1653 2246 1684 2280 a
1707 2246 1791 2281 me
1813 2237 2193 2295 exponeretur,
2220 2244 2339 2295 qun
2356 2244 2472 2279 men
2504 2242 2724 2292 exspec-

1656 2307 1788 2358 tatio
1804 2304 1991 2357 fuisset
2013 2306 2265 2356 orationis
2282 2312 2410 2367 tuae,
2423 2310 2718 2370 quantoque

1654 2383 1707 2435 in
1732 2398 1911 2434 errore
1932 2391 2167 2432 versatus
2191 2380 2392 2445 essem‚’
2429 2385 2530 2432 διο.
2590 2381 2721 2431 Hor.

1656 2463 1825 2525 Epist.
1850 2465 1901 2512 2.
1941 2464 1990 2512 2.
2014 2464 2129 2511 188.
2165 2459 2181 2488 ‘
2206 2458 2305 2509 Pol
2329 2473 2411 2509 me
2435 2456 2723 2521 occidistis,

1654 2539 1831 2602 amici,
1868 2538 1986 2588 Non
2009 2538 2274 2598 servastis,
2299 2536 2406 2596 sit3
2429 2535 2514 2585 cui
2535 2535 2613 2584 sic
2632 2549 2719 2583 ex·

1654 2621 1798 2666 torta
1831 2615 2092 2678 voluptas,
2128 2614 2198 2663 Et
2231 2613 2439 2662 demtus
2479 2624 2577 2675 per
2616 2613 2717 2660 vim

1654 2694 1846 2742 mentis
1870 2692 2189 2756 gratissimus
2206 2687 2391 2740 error.’
2454 2687 2543 2738 Ad
2566 2702 2719 2753 quem

1655 2769 1828 2818 locum
1855 2770 2001 2833 plura
2022 2767 2264 2830 exempla
2279 2765 2487 2828 collegi.
2521 2764 2611 2815 Its
2632 2779 2719 2814 no-

1654 2860 1755 2910 que
1776 2846 1843 2895 de
1868 2846 2091 2895 veritate
2108 2844 2261 2908 hujus
2278 2841 2553 2904 scriptura·
2569 2839 2717 2890 dubi·

1653 2921 1871 2972 tandum
1894 2925 1993 2985 est,
2012 2930 2067 2972 et
2087 2922 2299 2984 vulgate
2315 2918 2421 2978 illu,
2445 2918 2722 2982 ,dionens-

1652 3013 1726 3047 mo
1766 2998 1963 3062 incerto,
2003 2999 2083 3060 ᾁσ.
2133 2994 2416 3059 rejicienda
2449 2999 2549 3043 est.
2615 2995 2717 3042 Ve-

1656 3080 1929 3123 runtamen
1971 3073 2157 3123 doetus
2196 3070 2429 3137 quidam,
2476 3070 2718 3135 idemque

1652 3150 1775 3199 mihi
1800 3150 2155 3211 amicissimus,
2177 3148 2395 3213 putabat
2418 3146 2717 3211 legendum,

1649 3228 1810 3293 Atque
1838 3228 1989 3280 animi
2009 3225 2403 3292 incerlifluitans
2438 3238 2601 3275 errore
2635 3240 2717 3274 u-

1646 3304 1814 3366 gcm‘s:
1855 3318 1885 3352 a
1915 3319 2015 3369 quo
2039 3302 2305 3353 dissentio.
2370 3300 2551 3350 Zoilus
2588 3301 2717 3350 nanc

1644 3382 1956 3446 scripturam
2000 3380 2193 3429 tacitus
2237 3378 2450 3442 probat,
2490 3386 2552 3427 ut
2589 3377 2713 3428 nlius

1648 3457 2091 3507 innumerabileis.
2164 3454 2330 3505 Βοιώ.

1720 3538 1851 3584 1066
1885 3531 1945 3582 Si
1964 3537 2151 3596 possent
2166 3531 2394 3592 homines,
2414 3529 2522 3595 ξιπ]
2546 3530 2617 3580 Hi
2634 3533 2714 3580 2³.

1651 3626 1757 3661 vss.
1804 3612 1931 3661 setis
1970 3608 2170 3670 laudari
2206 3622 2307 3658 non
2352 3617 2591 3671 possunt.
2656 3607 2710 3658 Si

1648 3690 1775 3756 quid
1801 3697 1947 3740 certe
1972 3689 2021 3738 in
2038 3687 2246 3738 homine
2270 3683 2575 3751 philosopho
2594 3683 2711 3734 boni

1647 3764 1893 3830 est‚hinc
1917 3765 2024 3829 peti
2064 3761 2243 3812 debet.
2282 3760 2457 3811 Faber.
2524 3758 2713 3808 Mortis

1648 3844 1886 3893 timorem
1923 3840 2123 3890 fontem
2166 3844 2220 3888 et
2257 3836 2510 3902 originem
2552 3835 2710 3885 omnis

1648 3917 1976 3984 aegritudinis
2002 3929 2160 3982 snpra
2198 3913 2378 3963 docuit
2408 3912 2709 3962 Lucretius:

1646 3995 1784 4046 idem
1799 3995 1913 4059 jam
1947 3993 2056 4056 agit
2081 4007 2178 4043 vss.
2200 3995 2281 4040 23.
2353 3990 2468 4038 Nec
2501 3990 2709 4040 aliunde

1646 4074 1898 4126 tumultus
1921 4078 1975 4122 et
1995 4068 2307 4119 instabilitas
2345 4067 2396 4116 in
2421 4065 2535 4115 vita
2556 4066 2711 4115 homi·

1645 4165 1796 4202 num:
1830 4147 1986 4198 modo
2008 4147 2060 4196 iu
2083 4146 2251 4195 villum
2289 4143 2531 4205 tendunt,
2565 4144 2713 4196 modo

1646 4229 1699 4279 in
1733 4228 1915 4277 urbem
1947 4230 2312 4281 revertuntur3
2345 4221 2460 4271 haec
2485 4221 2598 4285 juni
2622 4236 2709 4285 sp-

1646 4311 1854 4371 petunt,
1867 4301 2055 4353 deinde
2072 4298 2257 4350 eadem
2279 4296 2514 4363 fugiunt;
2536 4297 2588 4345 in
2608 4311 2710 4347 om·
