3009 4925
486 479 555 527 τ.
616 479 978 530 nucauTu
1031 482 1210 532 caut
1267 486 1361 534 nu
1410 486 1674 538 nanum
1725 491 1900 540 NA‘r.
1953 494 2100 541 mu.
2164 496 2244 543 11.
2296 481 2469 547 1077

284 619 537 683 reperias,
560 635 681 687 pag.
707 636 858 674 xnvr.
880 624 1043 674 Num.
1070 631 1121 677 9.
1150 635 1202 677 et
1229 643 1344 692 pag.

274 710 489 747 levin.
518 699 672 749 Num.
695 704 744 748 5.
763 714 861 750 uec
886 714 987 750 uon
1010 715 1236 767 mutnus,
1255 720 1346 769 pro

285 773 424 824 filiis.
449 791 569 840 pag.
594 790 743 827 ουν.
772 778 929 829 Num.
953 782 1001 829 4.
1038 780 1202 843 Preig.

272 876 285 881 -
350 854 418 901 88
454 853 523 902 Ee
555 869 643 917 quo
700 856 871 917 adm-i,
907 856 1014 921 qm]
1069 858 1146 908 Ut
1170 861 1347 910 melius

281 926 419 977 banc
447 930 788 994 jactationem
822 941 876 982 et
906 935 1243 998 agitationem
1267 952 1344 987 se-

280 1005 475 1055 minum
513 1008 771 1072 percipiat
804 1011 1098 1075 Memmius,
1137 1014 1202 1063 ad
1237 1016 1340 1079 pri-

280 1095 425 1131 mum
461 1097 610 1134 suum
652 1085 836 1136 librum
879 1088 1100 1153 reducit,
1141 1098 1195 1140 et
1240 1107 1341 1142 vss.

277 1160 326 1208 0,
350 1166 532 1210 monet
552 1175 607 1211 se
626 1163 749 1212 olim
765 1163 1002 1214 docuisse
1019 1168 1211 1216 nullum
1231 1183 1344 1219 esse

276 1236 329 1285 in
347 1236 550 1288 infinito
559 1241 729 1303 spatio
745 1250 982 1291 centrum
997 1250 1085 1293 aut
1101 1244 1343 1307 medium,

278 1322 375 1363 aut
393 1314 551 1364 imum
569 1316 754 1379 locum,
776 1333 877 1383 quo
896 1317 1093 1369 semina
1107 1321 1340 1372 tendant.

276 1400 335 1441 et
358 1391 468 1455 nbi,
500 1407 614 1442 enm
648 1396 806 1444 semel
846 1396 1139 1460 attigerint,
1174 1398 1341 1463 quies·

278 1474 441 1519 cant:
474 1467 699 1535 ideoque
732 1486 847 1521 cum
883 1473 1114 1537 pondere
1136 1489 1227 1524 suo
1251 1476 1340 1525 de-

274 1556 455 1594 orsum
490 1542 755 1607 ferantnr;
797 1555 853 1597 et
888 1550 938 1597 in
974 1549 1074 1598 alia
1108 1551 1340 1616 impacta

272 1621 559 1685 aliqnando
603 1624 853 1687 resiliant,
894 1626 1008 1691 quis
1053 1637 1208 1690 neget
1252 1631 1340 1680 illa

274 1699 585 1764 plerumque
629 1709 883 1765 perpetuo
937 1710 1080 1754 motu
1117 1704 1341 1769 jactari?

281 1777 485 1828 Creech.

262 1892 273 1899 .
341 1854 563 1919 δαείω-ι’]
595 1855 822 1922 Agitari,
848 1860 1003 1923 volvi,
1036 1859 1182 1910 ferri.
1218 1861 1338 1912 Pub.

341 1936 413 1981 89
446 1933 763 1985 Remmiscere
782 1933 953 2000 totius]
1006 1938 1209 2002 Repete
1236 1939 1340 2005 (in-

258 2008 425 2075 -quit)
465 2013 732 2074 memoria,
766 2014 895 2064 nihil
935 2029 1049 2066 esse
1087 2016 1242 2066 imum
1286 2019 1338 2068 iu

272 2101 479 2137 summa
502 2090 684 2153 totius,
716 2091 768 2141 id
795 2100 895 2149 est,
918 2092 974 2143 in
994 2095 1149 2158 omui,
1171 2110 1261 2145 seu
1285 2096 1337 2147 in

254 2165 543 2230 universo,
575 2167 626 2215 ἐν
663 2170 733 2230 τῷ
768 2169 925 2221 παντί.
990 2172 1162 2237 Supra
1201 2174 1337 2224 euim

277 2241 376 2292 lib.
412 2247 461 2293 l.
494 2245 691 2311 docuit,
723 2248 847 2297 nibil
880 2263 997 2300 esse
1034 2258 1341 2315 extremum,

277 2319 408 2369 nibil
428 2321 672 2385 medium,
706 2324 829 2374 nibil
854 2326 1093 2389 primum,
1115 2327 1205 2390 ibi,
1223 2334 1338 2380 957.

271 2400 289 2426 ‘
308 2399 502 2468 Omne,
522 2403 659 2469 qnod
676 2413 752 2454 est
772 2406 949 2472 igitur,
973 2408 1110 2457 nulla
1127 2410 1339 2475 regione

277 2476 479 2527 viarum
504 2480 732 2531 Finitum
754 2483 874 2546 est,’
895 2487 995 2534 διο.
1030 2484 1197 2536 Lamb.

346 2554 538 2619 Totius]
600 2559 692 2608 Τοῦ
715 2558 908 2624 παντὸς,
942 2561 1185 2613 Summae.
1222 2563 1341 2615 Fab.

347 2635 414 2680 93
455 2633 679 2698 Ostendi]
726 2637 1011 2688 Lib.1.mb
1027 2639 1198 2690 finem.
1223 2641 1341 2692 fab.

346 2712 412 2759 94
450 2710 587 2766 Quod
607 2714 824 2776 qnoniam
844 2721 1043 2777 conda,
1069 2715 1176 2780 θα]
1236 2717 1342 2781 Igi-

279 2788 372 2832 tur
385 2799 503 2834 cnm
526 2788 721 2837 semina
737 2789 945 2841 assiduo
967 2789 1104 2842 motu
1129 2806 1340 2842 exerce-

277 2868 455 2925 antur,
483 2877 601 2913 cum
640 2866 962 2930 percutiant,
993 2881 1055 2916 ac
1089 2868 1344 2931 resiliant,

274 2937 440 2988 docet
495 2954 598 2989 vss.
654 2946 732 2992 14.
776 2944 971 2992 semina
1023 2944 1122 2994 ista
1178 2944 1343 2995 resili-

274 3015 423 3065 entia
442 3017 508 3066 ad
526 3018 805 3083 inaequales
821 3020 1095 3071 distantias
1111 3019 1311 3072 reflecti
1329 3039 1345 3086 3

272 3094 582 3144 varietatem
615 3096 810 3147 ictuum
835 3100 1057 3149 varietas
1092 3097 1345 3151 reflectio·

252 3169 402 3219 ‘num
423 3172 692 3237 sequitur:
728 3189 794 3223 ex
833 3175 894 3223 iis
928 3182 1102 3225 autem
1135 3191 1250 3241 quae
1276 3176 1341 3226 ad

272 3247 490 3299 brevem
531 3249 829 3302 distantiam
877 3251 1239 3318 reflectuntur,
1288 3262 1344 3305 et

254 3326 497 3375 ·arctiori
529 3328 701 3391 spatio
716 3329 1007 3394 jactantur,
1038 3330 1251 3394 ferrum,
1271 3332 1343 3380 la-

276 3402 447 3466 pides,
478 3411 534 3453 et
558 3404 755 3471 reliqua
787 3405 918 3455 dura
951 3414 1008 3458 et
1040 3406 1207 3457 solida
1229 3422 1342 3458 cor·

254 3494 410 3543 -pora
452 3490 863 3545 componuntnr:
909 3497 975 3532 ex
1021 3484 1083 3532 iis
1119 3499 1236 3550 quae
1274 3484 1342 3534 ad

274 3558 484 3621 longam
500 3556 798 3608 distantiam
815 3559 1072 3621 resiliunt,
1096 3568 1153 3609 et
1175 3561 1341 3610 laxius

275 3641 553 3699 vagantur,
585 3634 694 3699 a'er,
726 3636 880 3700 iguis,
925 3642 980 3686 et
1012 3637 1187 3686 mollia
1210 3638 1344 3703 ejus·

272 3711 417 3762 modi
450 3718 510 3761 et
542 3726 659 3762 rara
691 3727 914 3778 corpora
936 3715 1342 3765 constituuntur.

279 3789 477 3840 ereeeh.

306 3908 317 3916 .
343 3867 596 3917 Nimirum
626 3869 757 3918 nullo
788 3870 922 3934 quies
942 3869 1039 3934 est]
1082 3871 1213 3923 Mas.
1235 3886 1342 3921 om·

275 3957 387 4007 nes,
414 3957 542 4009 quos
563 3952 838 3994 annotator
860 3953 1040 3996 noster
1063 3947 1345 4012 consuluit,

271 4019 497 4068 habent:
522 4020 688 4069 multa.
738 4019 892 4072 Unde
911 4018 1203 4071 faciendum
1226 4036 1343 4071 ceu·

272 4102 393 4146 set:
430 4095 602 4144 inuito.
671 4095 951 4160 Nimirum,
990 4098 1140 4161 quasi
1165 4110 1344 4147 seusus

258 4163 451 4223 leret:
489 4186 625 4234 raro,
657 4187 755 4223 nec
777 4171 954 4236 facile,
989 4189 1159 4240 neque
1183 4175 1342 4225 etiam

273 4250 520 4300 lubenter
564 4256 657 4298 aut
702 4264 796 4298 sua
834 4257 1020 4314 sponte
1070 4252 1340 4316 quiescere

271 4340 498 4389 corpora
532 4324 727 4388 primu
767 4326 852 4390 qui
889 4327 1096 4391 quidem
1126 4343 1190 4377 au
1224 4328 1344 4379 inde

275 4402 401 4453 elici
440 4401 626 4467 possit,
668 4400 753 4451 alii
793 4402 1034 4454 viderint.
1100 4404 1342 4469 Vulgata

1424 632 1669 685 lectioni:
1702 637 1829 686 nulla
1854 638 1983 701 quies
2012 644 2099 701 est,
2122 641 2204 702 ᾄτ.
2238 642 2374 691 male
2397 638 2476 691 re-

1422 712 1666 774 spondet,
1687 713 1823 778 quod
1843 717 2110 780 sequitur:
2145 718 2160 743 ‘
2185 716 2288 765 Sed
2314 721 2475 782 magis

1421 788 1663 851 assiduo‚'
1686 794 1784 840 ὄις.
1807 806 1900 839 cur
1918 791 2053 840 enim
2072 793 2086 820 ‘
2112 793 2287 856 magis'
2313 794 2476 844 dixit?

1421 879 1482 914 ac
1524 879 1623 915 non
1670 869 1878 931 potius:
1920 869 1936 895 ‘
1973 884 2180 932 prorsus
2218 868 2476 920 assiduo?

1419 942 1501 991 vel
1542 943 1707 993 simile
1744 944 1905 1009 quid?
1957 946 2147 995 Melius
2170 944 2340 996 forsan
2375 948 2477 998 erit

1419 1016 1695 1070 restituere
1718 1020 1880 1084 ipsam
1905 1021 2036 1071 Mss.
2073 1022 2382 1083 lectionem3
2417 1031 2476 1074 ut

1417 1094 1486 1143 sit
1524 1109 1740 1157 sensum
1789 1097 2026 1147 nimirum
2067 1100 2232 1149 multa
2270 1100 2474 1164 quidem

1419 1171 1596 1234 quiete
1631 1172 1861 1235 gaudent
1898 1187 2117 1237 corpora
2163 1175 2348 1243 prima,
2381 1178 2476 1226 sed

1420 1246 1653 1308 pluribus
1679 1257 1849 1297 tamen
1866 1249 2090 1300 motibus
2108 1251 2373 1317 magisque
2397 1267 2477 1301 as·

1416 1321 1577 1371 siduis
1602 1339 1663 1373 ae
1682 1325 1833 1373 variis
1857 1331 2184 1375 exercentur.
2221 1327 2388 1390 Preig.

1485 1399 1712 1463 Constat]
1742 1400 1786 1452 1.
1803 1415 1850 1450 e.
1868 1402 1974 1450 sine
2001 1407 2355 1454 controversia
2374 1411 2474 1455 est.

1416 1475 1586 1525 Lomb.

1479 1557 1542 1602 9⁵
1603 1554 1834 1621 Reddita]
1906 1555 2196 1621 Attributa‚
2234 1565 2293 1608 nt
2331 1573 2472 1623 sa’pe

1414 1630 1559 1681 alias.
1593 1631 1758 1681 Lamb.

1478 1712 1544 1756 96
1579 1707 1769 1771 Magis]
1809 1708 1921 1758 Imo
1949 1710 2139 1772 potius.
2179 1710 2294 1760 Fab.

1479 1789 1544 1833 97
1581 1786 1807 1834 Consulto
1833 1786 2087 1850 resultant]
2152 1786 2240 1837 Sic
2274 1788 2473 1853 antiqui

1413 1860 1551 1910 libri.
1618 1860 1682 1911 In
1720 1861 1953 1924 vulgatis
1985 1862 2324 1927 quibusdam:
2363 1879 2474 1915 cott-

1399 1937 1551 1995 fulta.
1618 1938 1871 1989 Marullus
1915 1948 1971 1990 et
2010 1940 2324 1990 Lambinus:
2367 1957 2475 1993 m-

1401 2015 1568 2080 βίαια.
1633 2017 1747 2079 Ego
1784 2016 1940 2067 libros
1979 2031 2188 2082 sequor,
2217 2018 2347 2069 licet
2388 2018 2474 2068 vix

1413 2092 1737 2157 intelligam;
1770 2094 1869 2143 nisi
1900 2095 1915 2121 ‘
1955 2092 2210 2142 consilire'
2250 2108 2281 2141 a
2313 2094 2476 2156 salio;

1414 2177 1470 2218 et
1490 2169 1611 2218 hinc
1629 2171 1644 2198 ‘
1663 2169 1933 2231 consulta‚'
1955 2168 2323 2230 συμηδήσαντα
2339 2171 2478 2236 prin·

1413 2244 1574 2308 cipis,
1593 2246 1627 2293 i.
1647 2259 1694 2293 e.
1714 2254 1901 2295 coacta
1920 2262 1935 2305 ;
1957 2247 2182 2310 eleganti
2199 2247 2477 2297 tralatione

1415 2328 1471 2370 et
1518 2321 1764 2371 allusione
1819 2322 1883 2372 ad
1939 2324 2173 2385 verbum,
2224 2325 2475 2375 resultant.

1420 2399 1525 2458 Gis.
1592 2401 1802 2450 contuso
1835 2400 2090 2465 resultant]
2128 2403 2215 2452 Sic
2249 2404 2478 2469 reposui,

1417 2476 1605 2539 partim
1662 2478 1968 2542 conjectura
2022 2479 2229 2541 ductus,
2283 2483 2477 2545 partim

1418 2553 1610 2602 veteris
1654 2554 1930 2618 scripturae
1979 2556 2202 2620 vestigia
2252 2566 2478 2621 secutus,

1416 2643 1534 2678 eum
1557 2629 1677 2678 libri
1709 2631 2049 2695 manuscripti
2083 2631 2328 2696 habeant,
2360 2649 2477 2698 par·

1417 2705 1511 2755 tim
1545 2707 1776 2770 consulta,
1807 2707 1997 2770 partim
2027 2709 2263 2774 conflictu,
2286 2711 2476 2772 partim

1415 2783 1656 2843 comita.-
1695 2784 1822 2833 licet
1855 2790 1911 2833 et
1942 2784 2115 2847 legere
2148 2786 2386 2850 conflicta,
2418 2795 2479 2839 nt

1418 2862 1540 2910 olim
1585 2860 1745 2911 edidi.
1829 2861 1949 2912 Fuit
1984 2870 2040 2913 et
2078 2877 2195 2913 cum
2238 2873 2475 2929 putarem

1416 2938 1522 3002 legi
1557 2953 1706 3003 posse
1729 2943 1939 3002 comta,
1972 2946 2031 2989 ut
2060 2942 2374 3004 respondeat
2404 2943 2480 2993 illi

1417 3015 1558 3081 quod
1595 3016 1774 3066 statim
1808 3017 2065 3081 sequitur,
2095 3033 2302 3070 connexo
2332 3021 2479 3070 resal-

1418 3098 1545 3143 tuat.
1579 3094 1594 3121 ‘
1620 3093 1885 3144 Consulta’
1915 3102 2090 3144 autem
2111 3110 2144 3145 a
2176 3096 2336 3148 verbo
2359 3112 2478 3148 con·

1419 3170 1554 3231 silio,
1586 3169 1726 3234 quod
1760 3170 2008 3220 barbarus
2032 3171 2238 3236 quidam
2273 3174 2479 3238 probat,

1418 3245 1652 3311 ineptum
1676 3255 1777 3310 est,
1807 3253 1861 3296 et
1896 3262 1990 3297 sno
2012 3256 2226 3298 auctore
2248 3249 2478 3314 dignum.

1420 3324 1558 3374 Nam
1600 3337 1765 3387 neque
1806 3323 2039 3385 consilio,
2076 3324 2134 3385 is,
2175 3323 2238 3390 it,
2275 3324 2329 3373 in
2368 3331 2482 3375 tota

1421 3399 1599 3463 lingua
1645 3398 1835 3448 Latina
1880 3399 2163 3462 reperitur,
2211 3413 2382 3464 neque
2436 3401 2481 3450 si

1418 3477 1761 3539 reperiretur,
1825 3475 2096 3524 consultus
2147 3476 2482 3540 participium

1419 3552 1487 3602 ab
1535 3567 1598 3601 eo
1639 3550 1764 3616 fingi
1822 3558 2014 3614 posset.
2098 3550 2322 3601 Omnino
2374 3567 2483 3603 oon·

1406 3627 1573 3691 flictu,
1604 3633 1695 3676 aut
1726 3630 1919 3675 contuso
1950 3624 2224 3690 legendum
2259 3626 2483 3678 videtur.

1419 3706 1557 3755 Nam
1580 3716 1800 3766 corpora
1821 3701 1987 3767 prima
2018 3716 2084 3752 ex
2109 3700 2355 3754 conflictu
2388 3712 2483 3754 aut

1418 3780 1723 3831 contusione
1770 3780 2020 3831 resultare
2070 3780 2337 3844 probabile
2381 3788 2485 3833 est.

1420 3858 1697 3908 Intervallis
1745 3859 1935 3920 magnis
1986 3863 2180 3908 contusa
2231 3860 2481 3909 resultant.

1404 3934 1618 3999 ,Μακρὸν
1636 3933 1911 3986 mmm.
1957 3934 2043 3985 Sic
2066 3934 2200 3985 enim
2225 3936 2482 3999 Epicurus

1417 4010 1505 4076 (nt
1531 4009 1693 4061 refert
1713 4009 1916 4076 Lafirt.)
1951 4012 1999 4061 αἱ
2016 4009 2105 4072 μὲν
2120 4008 2184 4060 εἷς
2202 4011 2382 4076 μακρὰν
2401 4011 2482 4060 ἀπ’

1419 4086 1648 4147 ἀλλήλων
1667 4088 1941 4147 διΐστιινται,
1975 4089 2024 4138 αλ
2039 4087 2248 4139 δὲού-τὸν
2265 4089 2348 4139 τὸν
2363 4098 2484 4138 ἀλ·

1419 4164 1506 4226 μὸν
1527 4166 1763 4228 ἴσχουσιν,
1794 4165 1909 4216 ὅταν
1927 4165 2138 4228 τύχωσιν
2157 4165 2222 4215 eis
2250 4166 2341 4224 τὴν
2359 4183 2483 4228 περι-

1419 4242 1606 4301 πλοκὴν
1625 4241 1964 4307 κεκλασμέναι,
1986 4242 2018 4301 ἢ
2038 4242 2379 4305 amatam
2397 4242 2484 4291 ὑπὸ

1419 4326 1515 4371 τῶν
1558 4324 1837 4371 πλεκτικῶν.
1894 4321 1927 4371 ἰ.
1974 4336 2021 4372 e.
2075 4323 2091 4350 ‘
2138 4321 2272 4371 Aliae
2321 4321 2482 4372 atomi

1419 4399 1620 4464 magnis
1655 4399 1943 4450 intervallis
1988 4400 2127 4449 inter
2168 4413 2224 4448 se
2266 4397 2481 4461 distant,
