3009 4925
457 421 523 469 'l'-
566 421 1153 476 LUOR8T11·CAR1
1208 428 1305 475 Da
1356 428 1620 485 RERUM
1675 432 1848 480 NAT.
1901 433 2040 481 LIB.
2090 436 2138 484 Ι.

264 568 456 626 ventur,
472 573 526 614 et
544 578 626 615 res
650 579 867 631 queque
889 567 1189 631 gignuntur,
1206 583 1299 620 seu

263 649 527 706 geruntur:
565 659 776 695 necesse
811 655 910 710 est,
944 647 1079 697 hanc
1111 655 1300 698 utram-

264 731 353 782 que
382 727 612 769 uatirram
646 736 758 771 esse
787 737 880 786 per
916 739 970 773 se
1011 739 1224 787 meram,
1248 733 1301 773 et

264 811 459 859 puram:
496 796 530 846 i.
548 812 596 847 e.
637 793 946 862 et'corpora
983 802 1165 864 prima,
1187 815 1301 864 qua*-

264 873 468 923 dieimus
515 889 628 924 esse
666 877 922 941 principia
963 893 1155 940 rerum,
1191 893 1301 928 esse

262 949 411 1000 inanis
434 953 698 1015 expertia:
737 962 791 1002 et
812 962 996 1004 contra
1015 956 1168 1004 inane
1192 968 1303 1005 esse

262 1026 622 1091 incorporeum,
641 1038 697 1080 et
720 1031 785 1080 ab
808 1032 945 1080 omni
970 1045 1189 1095 corpore
1215 1046 1300 1081 va-

262 1117 416 1156 cnum.
450 1106 555 1156 Sed
594 1108 736 1158 dicet
756 1107 960 1174 aliquis,
983 1109 1033 1157 in
1062 1108 1200 1158 inani
1223 1106 1297 1157 fe-

262 1192 431 1231 runtur
453 1192 508 1234 et
530 1191 806 1236 moventur
844 1200 1065 1249 corpora
1100 1184 1300 1249 primu

260 1272 373 1321 ergo
407 1274 507 1309 non
531 1270 614 1312 est
636 1262 794 1312 ullum
817 1276 1003 1326 purum
1028 1262 1199 1313 inane.
1222 1276 1300 1311 re·

260 1336 499 1401 spondeo,
515 1353 580 1388 ea
603 1340 803 1390 ratione
819 1341 969 1390 inane
987 1355 1080 1390 sna
1098 1346 1299 1397 natura,

263 1419 311 1459 et
331 1427 418 1476 per
437 1428 491 1464 se
517 1429 724 1480 purum,
754 1432 815 1467 ac
840 1432 1035 1468 merum
1060 1414 1301 1481 intelligi,

263 1488 385 1552 qood
409 1490 604 1549 sedem,
641 1502 696 1542 et
716 1492 905 1558 locum,
926 1501 983 1544 et
1006 1494 1141 1544 viam
1175 1507 1303 1556 prae-

260 1564 341 1614 bet
363 1568 682 1632 corporibus·
749 1569 900 1623 Quod
916 1570 960 1619 si
976 1570 1127 1620 aliter
1149 1575 1306 1634 esset,

261 1641 306 1691 id
323 1651 415 1707 est,
429 1644 469 1695 si
492 1646 691 1696 nullum
711 1654 849 1697 esset
874 1647 1025 1696 inane
1043 1662 1138 1710 per
1154 1661 1229 1710 se,
1249 1652 1306 1697 et

261 1734 289 1768 a
305 1735 547 1787 corporea
562 1730 746 1774 natura
765 1732 1061 1789 separatum
1083 1742 1096 1774 z
1123 1739 1301 1789 corpo·

261 1812 314 1848 ra
328 1800 485 1864 prima
518 1815 622 1851 non
656 1801 913 1851 haberent
939 1800 1023 1851 ubi
1056 1800 1307 1851 consiste·

261 1886 384 1940 rent,
413 1887 501 1930 aut
540 1894 642 1944 qua
675 1886 1025 1928 moverentur.
1063 1876 1198 1943 quod
1225 1893 1309 1928 au-

260 1961 354 2005 tem
387 1971 609 2022 corpora
632 1956 796 2021 prima
832 1956 883 2005 in
912 1954 1069 2017 inani,
1093 1970 1183 2004 sen
1216 1969 1309 2019 per

261 2030 398 2083 inane
419 2041 742 2097 moveantur,
782 2047 884 2084 non
921 2031 1115 2082 iccirco
1139 2031 1307 2081 minus

261 2107 396 2159 inane
434 2126 623 2175 purum
675 2107 1001 2175 intelligitur.
1065 2107 1201 2162 Quin
1245 2117 1309 2158 eo

261 2184 520 2251 ipso,quod
545 2186 599 2236 in
623 2186 762 2236 inani
779 2200 996 2250 corpora
1014 2186 1179 2249 prima
1202 2199 1308 2234 mo-

263 2272 450 2327 ventur,
473 2264 642 2330 ipsius
666 2263 831 2313 inanis
857 2271 1042 2314 natura
1067 2277 1197 2327 pura
1221 2261 1309 2311 de-

262 2343 493 2394 claratur.
570 2343 686 2393 Hoc
711 2345 847 2394 enim
874 2342 1021 2394 vacui
1054 2350 1212 2407 atque
1237 2342 1311 2391 in·

264 2421 360 2472 nnis
384 2422 649 2488 proprium
671 2429 772 2486 est,
809 2420 1117 2487 corporibus
1144 2420 1310 2470 locum

262 2506 311 2549 et
335 2499 460 2551 viam
476 2499 839 2565 suppeditare,
864 2507 918 2549 et
942 2512 1157 2563 corpora
1181 2498 1230 2546 in
1259 2509 1315 2545 se

262 2577 499 2641 recipere,
523 2585 583 2627 et
602 2576 908 2641 corporibus
932 2575 1154 2625 cedere:
1191 2587 1314 2624 con-

262 2658 334 2702 tra
366 2668 646 2719 corporum
683 2654 950 2718 proprium
985 2658 1065 2702 est
1089 2651 1320 2713 obstare,

260 2731 550 2798 nullumque
593 2730 729 2781 aliud
771 2745 961 2795 corpus
1001 2730 1052 2779 in
1096 2743 1154 2778 se
1188 2727 1318 2778 reci-

260 2821 391 2871 pere.
421 2808 598 2860 Lomb.
667 2807 1009 2859 observanda
1046 2805 1322 2867 Latinitas,

261 2888 274 2911 ‘
298 2884 530 2952 Utraque
573 2885 673 2936 sibi
714 2900 808 2949 per
840 2900 897 2935 se
919 2893 1002 2935 est
1023 2883 1058 2934 ς’
1094 2884 1320 2933 arbitror

268 2970 425 3013 autem
449 2962 598 3013 istud
620 2963 712 3012 sibi
726 2961 1052 3027 jungendum
1074 2976 1187 3010 esse
1204 2975 1321 3010 cum

259 3053 337 3099 κς
370 3042 442 3090 uti
462 3040 716 3091 dicebant
740 3055 879 3090 mens
902 3039 1046 3101 mihi,
1066 3046 1182 3089 tuus
1209 3037 1323 3099 tibi,

259 3130 368 3167 snus
388 3118 507 3182 sibi,
528 3121 628 3168 ἅτε.
650 3131 744 3183 pro
768 3132 832 3167 eo
850 3118 940 3182 qui
962 3116 1182 3166 maxime
1203 3130 1321 3179 pro·

262 3195 367 3258 pius
400 3196 479 3246 καὶ
500 3194 756 3245 ἰδιώτατος
791 3203 949 3245 esset.
1018 3193 1272 3258 Exempla
1295 3207 1324 3241 e

266 3272 447 3326 Plauto
499 3274 861 3339 Terentioque
915 3271 1025 3336 peti
1089 3277 1326 3335 possunt.

320 3434 414 3480 508
452 3432 760 3494 Quacumque
774 3434 909 3479 tacu
923 3429 1165 3491 epatium5
1199 3432 1254 3476 et
1271 3441 1327 3477 ea

266 3521 473 3572 meum,
518 3508 629 3572 ξω]
664 3509 784 3559 Hoc
808 3509 920 3572 ipso
957 3505 1166 3555 refelles
1189 3503 1326 3569 quod

266 3585 443 3635 usserit
466 3582 721 3635 Gisauius
748 3584 798 3633 in
823 3584 911 3633 illo
945 3597 1038 3632 suo
1055 3580 1237 3633 Indice
1262 3578 1328 3630 ad

268 3658 429 3711 locum
478 3661 759 3727 quemdam
808 3659 985 3711 Ovidii
1024 3661 1074 3708 in
1110 3673 1238 3709 voce
1260 3660 1333 3707 ut.

266 3734 586 3791 'testimonia
631 3739 795 3788 multa
826 3737 1041 3801 collegit
1081 3734 1331 3787 Ciosanus

270 3813 329 3864 sd
350 3816 495 3881 Eleg.
518 3822 568 3867 1.
594 3816 684 3865 lib.
709 3820 756 3865 1.
782 3816 1139 3865 Ponticorum.
1175 3812 1297 3864 Fas.

332 3898 429 3943 5⁰9
450 3896 655 3956 -Corpns
689 3908 745 3942 ea
782 3907 875 3941 non
906 3890 1005 3954 est]
1040 3892 1243 3954 Corpus
1267 3903 1333 3939 ea

257 3969 469 4034 ’quidem
505 3978 658 4034 parte
690 3983 792 4018 nou
815 3975 913 4027 est,
937 3982 1041 4033 qua
1080 3973 1227 4032 parte
1251 3973 1333 4017 est

271 4044 451 4097 inane:
503 4046 596 4096 sed
637 4053 810 4095 tamen
857 4046 981 4095 nihil
1024 4050 1189 4108 vetat,
1230 4059 1331 4109 quo

276 4123 434 4177 minus
475 4139 572 4190 per
616 4124 770 4173 inane
815 4124 1054 4174 ferantur
1106 4137 1332 4187 corpora

275 4203 450 4263 prima.
519 4202 655 4252 Haec
691 4202 853 4267 igitur
885 4201 1063 4264 verba,
1101 4202 1334 4265 ‘Corpus

275 4291 335 4326 ea
357 4293 455 4333 uon
495 4283 613 4342 est,’
646 4277 721 4329 sic
751 4278 1023 4343 intellige:
1061 4292 1125 4327 ea
1164 4285 1335 4341 parte,

279 4367 373 4419 que
395 4363 546 4419 parte
570 4365 652 4407 est
684 4356 858 4419 inane,
877 4369 980 4405 non
1018 4363 1096 4405 est
1129 4368 1336 4419 corpus,

409 4436 582 4502 napo..
598 4444 650 4493 e!
678 4437 795 4489 γαν.
814 4439 944 4487 (ἕως.

1305 4436 1484 4488 Luci-et
1495 4471 1506 4484 .

2299 420 2432 486 977

1377 586 1563 637 nempe
1584 583 1828 638 spectata
1861 576 2021 640 ipsius
2041 577 2211 628 inanis
2253 585 2435 629 namra

1378 665 1472 714 per
1505 666 1583 724 ες,
1626 660 1682 701 et
1723 656 2022 716 separatim,
2067 663 2124 705 ut
2173 656 2432 719 principio

1377 735 1635 790 separato.
1701 729 1882 794 Pergit
1905 738 2097 792 eutem,
2131 741 2186 783 et
2221 742 2438 784 conetur

1380 805 1659 854 ostendere
1681 806 1777 856 hoc
1815 818 2118 871 argumento
2148 810 2440 873 Lucretius,

1377 895 1600 946 corpora
1625 885 1792 947 prima
1825 900 1941 936 esse
1964 887 2363 950 simplicissima,
2385 898 2443 939 et

1379 958 1703 1019 solidissima,
1746 969 1926 1025 utpote
1981 962 2120 1013 inani
2168 967 2441 1017 carentia:

1378 1036 1806 1098 quemadmodum
1830 1038 1980 1088 inane
2004 1041 2226 1090 alterum
2253 1042 2441 1105 princi-

1382 1112 1522 1175 pium
1559 1113 1910 1163 mollissimum
1949 1122 2064 1166 est:
2113 1124 2298 1181 utpote
2333 1133 2447 1168 cor·

1382 1190 1523 1253 poris
1563 1193 1728 1241 omnis
1784 1207 1993 1256 expers,
2037 1201 2092 1246 et
2136 1197 2443 1262 corporibus

1383 1266 1621 1316 omnibus
1644 1267 1856 1318 cedens.
1889 1270 2055 1321 Lumb.

1450 1347 1547 1392 510
1588 1345 1792 1394 Venenum
1825 1345 1996 1410 Inane]
2031 1348 2182 1401 Quod
2223 1349 2446 1401 otiosum

1385 1419 1510 1469 alias
1534 1422 1820 1485 epithetum
1855 1423 2119 1474 addidisse
2142 1429 2445 1478 notatTur-

1384 1497 1550 1545 nebus
1569 1496 1703 1548 Λᾶν.
1721 1504 1771 1549 5.
1795 1503 1875 1548 24.
1906 1515 2021 1549 curn
2047 1501 2173 1551 elias
2202 1502 2293 1551 aei·
2310 1517 2436 1567 quo·

1385 1588 1487 1638 que
1520 1573 1671 1623 inane
1716 1582 1948 1626 vocetur.
1983 1576 2166 1640 virgil.
2203 1577 2319 1626 AEn.
2365 1583 2445 1630 12.

1385 1654 1502 1702 906.
1568 1653 1735 1702 ‘Tum
1780 1654 1912 1716 lapis
1957 1654 2067 1718 ipse
2093 1656 2189 1704 viri
2229 1670 2448 1706 vacnum

1387 1742 1481 1791 per
1515 1728 1668 1779 inane
1703 1729 1943 1780 volutus!
1997 1746 2111 1795 quae
2159 1733 2327 1782 nostri
2366 1738 2449 1782 est

1387 1805 1627 1856 imitatio.
1655 1807 1782 1856 Hae.

1449 1886 1546 1930 511
1584 1882 1706 1933 Sunt
1749 1885 1907 1947 igitur
1938 1885 2107 1949 solido,
2146 1885 2255 1949 Sym]
2308 1887 2449 1951 Ergo

1384 1956 1604 2024 (inquit)
1629 1974 1849 2025 corpora
1870 1961 2055 2024 prima,
2077 1976 2192 2026 quae
2208 1968 2328 2012 sunt
2346 1959 2450 2025 pri·

1386 2038 1583 2086 mordin
1613 2053 1810 2100 rerum,
1844 2038 1910 2088 ab
1934 2039 2072 2089 inani
2093 2045 2356 2103 separata,
2379 2039 2449 2087 ei-

1386 2128 1490 2178 que
1517 2116 1671 2177 plane
1693 2115 1930 2180 adversa,
1952 2116 2020 2165 ab
2036 2116 2174 2166 inani
2196 2119 2318 2166 sunt
2339 2115 2448 2180 pla-

1387 2205 1451 2240 ne
1478 2206 1654 2242 vacua.
1687 2192 1854 2243 lamb.

1450 2267 1571 2319 Sine
1593 2269 1750 2334 innui]
1773 2270 1817 2321 1.
1853 2285 1902 2321 e.
1925 2269 2140 2334 ἀμέτοχα
2176 2269 2329 2330 κενοῦ,
2362 2283 2454 2320 sen

1388 2344 1554 2394 inanis
1574 2347 1827 2410 expertia.
1864 2348 2033 2399 Lamo.
2425 2403 2430 2412 ,

1458 2427 1557 2474 512
1595 2423 1865 2488 Proeterea]
1911 2424 2096 2475 Altera
2153 2424 2305 2488 ratio,
2362 2438 2457 2489 per

1387 2515 1541 2565 quam
1566 2501 1772 2566 probat,
1795 2504 2015 2565 corpora
2040 2502 2209 2567 prima
2246 2515 2360 2551 esse
2383 2502 2458 2552 in-

1390 2578 1502 2627 anis
1547 2579 1805 2641 expertia.
1873 2579 1977 2627 Res
2014 2578 2208 2644 genitoe
2242 2574 2459 2643 (inquit)

1389 2653 1583 2703 habent
1625 2654 1675 2702 in
1698 2669 1754 2703 se
1779 2654 2029 2704 inclusum
2053 2654 2235 2704 inane:
2272 2653 2459 2717 alioqui

1393 2744 1495 2779 non
1522 2729 1824 2791 interirent,
1847 2744 2015 2794 neque
2039 2729 2463 2779 dissolverentur.

1395 2805 1549 2859 Quod
1567 2807 1608 2856 si
1628 2804 1697 2856 ob
1713 2806 1765 2856 id
1783 2807 2199 2873 intereunt,qnia
2214 2807 2266 2857 in
2285 2806 2360 2856 eis
2383 2813 2466 2856 est

1396 2883 1548 2932 inane
1570 2900 1583 2932 z
1621 2884 1890 2935 materiam
1909 2884 2070 2948 igitur
2093 2884 2317 2949 aliquam
2342 2882 2459 2933 soli·

1396 2960 1517 3009 dam
1539 2968 1597 3011 et
1629 2961 1793 3011 inanis
1817 2968 2087 3026 expertem
2111 2965 2351 3011 constare
2373 2973 2463 3008 ne-

1398 3052 1547 3088 cesse
1588 3046 1687 3101 est,
1729 3053 1794 3088 ne
1824 3054 1907 3091 res
1945 3053 2121 3089 omnes
2158 3037 2226 3087 ad
2250 3037 2464 3087 nihilum

1399 3116 1724 3182 redigantur.
1745 3117 1914 3170 Lamb.
1948 3118 2129 3167 Vasa.
2146 3115 2393 3181 supponit
2409 3115 2463 3165 in

1400 3196 1556 3246 rebus
1582 3196 1862 3258 concretis,
1889 3208 2014 3260 quos
2047 3195 2248 3257 genitas
2292 3197 2458 3253 vocat,

1402 3274 1544 3323 varia
1588 3273 1811 3336 spatiola
1843 3272 2016 3322 inania
2053 3270 2377 3331 intermista3
2412 3278 2468 3318 et

1404 3359 1512 3402 turn
1554 3351 1740 3414 adjicit
1763 3363 1985 3414 corpora
2010 3348 2196 3412 prima,
2230 3361 2321 3395 seu
2347 3344 2466 3394 sini-

1402 3428 1584 3493 plicia,
1622 3441 1735 3477 esse
1778 3424 2014 3489 perfecte
2048 3421 2248 3473 solida:
2283 3435 2467 3484 conge-

1403 3508 1505 3555 ries
1524 3505 1662 3555 enim
1687 3505 1901 3554 istorum
1941 3501 2252 3566 simplicium
2289 3513 2472 3561 corpo·

1405 3597 1516 3632 rum
1553 3581 1726 3630 inania
1750 3580 1835 3629 illa
1878 3581 2130 3640 continet,
2156 3581 2212 3625 et
2235 3574 2357 3640 quid
2382 3572 2468 3625 In-

1405 3674 1501 3709 ane
1529 3665 1704 3722 potest
1727 3656 1995 3707 continere
2018 3661 2211 3718 praeter
2234 3651 2475 3713 solidum,

1404 3736 1504 3786 nisi
1545 3735 1659 3801 quis
1697 3732 1863 3797 fingat
1907 3733 2058 3782 inane
2100 3745 2252 3796 posse
2301 3729 2474 3778 inania

1408 3796 1721 3878 complecti?
1757 3813 1824 3861 Et
1849 3810 2056 3860 demum
2079 3822 2181 3858 vas.
2203 3811 2252 3857 2.
2279 3813 2477 3857 »mouet

1405 3891 1506 3942 ista
1549 3890 1716 3941 solida
1757 3888 1897 3938 nulla
1940 3888 1988 3936 vi
2027 3884 2256 3949 diffringi
2302 3898 2477 3949 posse,

1406 3968 1633 4032 ideoque
1658 3963 2033 4015 indissolubilia
2066 3977 2204 4026 esse,
2243 3968 2295 4011 et
2323 3968 2475 4011 aeter-

1407 4062 1492 4098 na.
1529 4047 1725 4097 Creech.

1476 4123 1669 4173 Genitis
1705 4122 1756 4171 in
1795 4121 1933 4172 rebus
1962 4122 2100 4172 inm
2132 4117 2226 4182 est]
2261 4117 2468 4183 Alioqui

1408 4214 1670 4263 nunqnam
1708 4197 2146 4247 dissolverentur:
2215 4196 2319 4244 imo
2356 4204 2484 4243 nun·

1409 4291 1561 4341 quarn
1588 4283 1782 4325 creatae
1807 4273 2047 4323 fuissent.
2081 4271 2201 4322 fab.

1474 4357 1573 4402 514
1611 4354 1714 4403 Nec
1756 4364 1834 4402 res
1865 4352 1964 4401 ullu
1996 4354 2172 4415 potest,
2214 4345 2326 4412 ὅτ.)
2367 4345 2414 4395 1.
2436 4359 2486 4395 e.

2238 4434 2267 4479 8
2302 4428 2351 4480 Q
