3009 4925
445 442 510 491 '1'-
565 443 916 494 Lucnss'rn
967 445 1145 494 CARI
1199 447 1295 494 DE
1341 443 1609 495 RERUM
1656 446 1833 495 NAT.
1885 448 2028 496 mn.
2076 450 2126 498 1.

237 583 492 635 Dominus
505 584 594 635 ille
606 586 784 637 Metus
802 586 1027 652 desuper
1042 588 1292 638 minatur!

237 661 489 712 Crederes
528 662 690 713 visum
732 672 1041 728 praesentem
1083 666 1290 715 Daemo-

235 751 345 787 nem
365 731 571 803 flagella
608 739 883 790 intentare.
950 740 1051 791 His
1092 741 1294 804 positis,

204 811 210 817 ’
235 814 446 877 Epicuri
465 813 848 879 (Atheniensis,
869 826 926 867 et
946 816 1159 868 Neoclis
1176 816 1294 883 filii)

235 888 412 940 leudes
434 892 757 955 aggreditur,
779 893 867 957 qui
887 893 1078 957 primus
1093 894 1169 942 his
1185 907 1292 943 om·

236 967 381 1016 nibus
405 968 693 1020 terroribus
716 983 771 1019 se
793 969 1106 1034 intrepidum
1129 985 1289 1035 oppo-

234 1043 349 1107 suit,
379 1053 458 1109 et,
496 1047 602 1097 ucri
641 1048 692 1096 vi
729 1049 915 1099 mentis
952 1054 1103 1099 extre
1136 1049 1290 1114 liujus

232 1123 402 1173 muudi
419 1123 611 1174 limites
623 1124 674 1174 in
690 1124 860 1175 Omne
874 1125 1131 1177 infinitum
1148 1125 1290 1176 dels-

233 1207 331 1261 tus,
373 1201 536 1251 totius
555 1210 758 1253 naturae
794 1210 1109 1267 potestatem
1147 1202 1290 1268 peni-

232 1283 310 1326 tus
331 1278 624 1342 perspexit,
651 1278 930 1345 docuitque
952 1280 1185 1330 homines
1208 1293 1290 1329 res

229 1351 338 1403 fieri
357 1354 477 1403 sine
494 1368 622 1405 cura
633 1362 687 1405 et
702 1370 862 1420 opere
880 1359 1130 1419 Deorum,
1149 1356 1290 1407 ideo·

231 1446 327 1497 que
349 1447 556 1484 omnem
581 1434 882 1499 religionem
915 1434 1147 1487 funditus
1180 1450 1287 1485 sus-

231 1509 362 1573 tulit,
386 1516 446 1560 nt
468 1510 628 1560 docet
647 1510 830 1561 Cicero
855 1512 943 1561 lib.
968 1516 1015 1562 1.
1039 1511 1105 1561 de
1131 1511 1197 1562 N.
1219 1511 1288 1561 Ι).

230 1586 245 1612 ‘
262 1586 400 1639 Quid
423 1593 508 1637 est
530 1586 665 1638 euim
686 1602 781 1638 cur
802 1588 869 1639 ab
890 1588 1179 1639 hominibus
1201 1603 1287 1639 co-

227 1662 407 1714 lendos
431 1663 600 1727 dieas,
630 1679 747 1715 cum
789 1666 878 1716 Dii
902 1680 1000 1716 uon
1023 1666 1177 1716 modo
1198 1667 1288 1715 ho·

227 1739 388 1789 mines
426 1753 532 1790 non
567 1739 758 1804 colant,
792 1739 885 1791 sed
922 1744 1127 1793 omnino
1165 1741 1291 1791 nihil

228 1824 431 1878 curent,
460 1816 588 1868 nihil
611 1818 814 1881 agent?
859 1817 983 1869 Otio
1001 1826 1173 1869 sutem
1196 1834 1289 1869 suo

226 1892 532 1958 abutuntur,
553 1903 612 1945 ut
634 1895 949 1960 Gassendus,
972 1896 1160 1959 Faber,
1180 1896 1289 1946 sm-

225 1985 342 2036 que,
362 1971 456 2038 qui
471 1972 686 2037 Epicuri
706 1972 894 2023 librum
908 1972 1013 2038 περὶ
1030 1972 1293 2036 ὁσιότητος,

224 2045 326 2111 ejus
345 2049 526 2099 Seetae
546 2050 796 2115 pietstem
813 2065 936 2116 erga
954 2053 1119 2113 Deos,
1133 2057 1189 2102 et
1210 2066 1290 2102 re·

223 2123 468 2190 liglouem
515 2142 611 2192 pro
655 2128 1024 2192 superstitione
1074 2137 1290 2192 tentum,

226 2210 474 2269 metuque
519 2205 751 2254 Deorum
795 2206 937 2255 inani
980 2220 1011 2255 s
1048 2206 1291 2256 Lucretio

223 2278 318 2329 lioc
339 2278 465 2332 loco
490 2280 714 2343 positam
736 2295 849 2331 esse
871 2289 1117 2346 crepent3
1143 2282 1290 2348 quasi

227 2355 399 2406 Poeta
443 2371 548 2407 nou
590 2372 793 2408 omnem
842 2359 908 2407 de
953 2359 1294 2409 Providentia

224 2431 526 2497 opinionem
549 2434 773 2497 sustulit,
806 2441 898 2485 sut
929 2435 1016 2485 ille
1049 2443 1190 2487 esset
1209 2450 1292 2486 su-

224 2510 561 2572 perstitiosus
583 2513 671 2577 qui
698 2513 870 2562 Deum
904 2512 1095 2578 aliquid
1117 2527 1291 2577 egere,

225 2587 744 2641 suthnmnnscurure
753 2590 1087 2641 existimaret.
1101 2592 1293 2641 creech.

285 2662 419 2713 Ante
439 2663 618 2728 oeulos]
648 2663 906 2729 Παρέλκον.
952 2668 1290 2731 Distinguen-

226 2737 348 2789 dum
396 2748 572 2791 sutem
612 2749 742 2805 puto
782 2743 834 2792 in
877 2743 1013 2795 hune
1049 2743 1288 2793 modum:

227 2814 461 2867 Hemesa
481 2823 594 2868 ante
613 2821 769 2869 oculos
791 2819 927 2880 soede
945 2836 1050 2872 cnm
1080 2822 1184 2871 vite
1206 2820 1292 2882 js-

224 2899 350 2943 eeu-et
377 2892 436 2942 In
458 2898 622 2957 terris,
641 2911 858 2959 oppressa
875 2897 1017 2959 mei
1037 2897 1123 2947 sub
1139 2898 1290 2947 3εαί-

221 2969 388 3031 gion,
414 2970 539 3026 Quo
557 2976 716 3034 eaput,
737 2974 818 3034 ⁸5⁶·
882 2974 1057 3023 δια-ιη
1078 2973 1290 3023 verbum

227 3046 462 3110 elegans,
488 3046 684 3098 Nostro
708 3046 978 3100 fsmilisre.
1022 3051 1110 3100 Sic
1134 3050 1219 3103 lib.
1240 3056 1289 3100 ⁶.

229 3126 377 3173 1272.
397 3130 453 3172 et
479 3128 621 3175 1274.
642 3126 658 3152 ‘
673 3126 825 3177 Nune
840 3126 993 3190 jacet
1007 3143 1098 3191 aes,
1117 3141 1291 3177 sunum

225 3199 280 3247 in
295 3213 552 3249 summum
570 3202 802 3251 succedit
820 3202 1097 3253 bonorem!
1118 3204 1291 3266 Preig.

292 3276 517 3340 laceret]
565 3277 830 3343 'l'enqusm
869 3283 1186 3343 contempte,
1221 3280 1292 3329 vi·

227 3351 312 3414 lis,
372 3359 428 3402 et
491 3353 715 3416 abjecta.
798 3354 966 3407 Juxta
1026 3355 1293 3418 Ovidium,

227 3432 248 3459 ⁴
265 3430 481 3494 Psuper
505 3432 689 3497 ubique
698 3432 885 3496 jecet.'
939 3433 1167 3497 Exponit
1187 3435 1293 3484 No-

225 3505 345 3556 nius
366 3507 383 3535 ⁸
401 3506 669 3556 sorderet:
694 3522 795 3558 nou
817 3506 943 3559 laetu
959 3511 1132 3561 esset.'
1156 3511 1294 3561 Pius.

229 3578 478 3646 Humilis,
511 3594 714 3648 maesta,
746 3593 804 3634 et
844 3592 1104 3651 prostrate
1122 3595 1292 3637 essetz

227 3659 331 3720 vel,
345 3667 408 3709 ut
429 3658 631 3709 Nonius
647 3659 1035 3727 interpretetur,
1052 3665 1139 3727 qui
1160 3663 1295 3715 bunc

228 3746 435 3783 versum
462 3732 685 3797 profert,
706 3735 958 3787 sorderet.
999 3738 1166 3788 Lamo.

289 3814 356 3861 64
383 3810 545 3860 Gravi
565 3810 649 3860 nb
669 3812 938 3877 relligione]
968 3814 1197 3866 Grsvem
1216 3830 1294 3865 re·

230 3884 476 3950 ligionem
497 3884 654 3950 dixit,
677 3895 919 3954 tauquam
945 3904 1089 3941 onus.
1129 3890 1295 3941 lamb.

233 3960 472 4028 Exitiuli,
494 3964 733 4029 moleste,
756 3965 1068 4029 importune,
1089 3969 1190 4016 διο..
1214 3974 1294 4017 ut-

232 4048 354 4104 pote
375 4054 496 4105 quse
520 4041 982 4103 praesentissimum
1004 4042 1165 4093 divini
1188 4044 1294 4093 cul·

233 4123 313 4166 tus
336 4130 594 4179 yenenum
619 4117 709 4167 sit.
741 4118 862 4168 Fas.

285 4191 584 4256 &aig-ioue]
600 4194 1010 4257 Superstitionet
1032 4196 1144 4248 liaee
1159 4197 1296 4248 enirn

235 4270 450 4332 propria
519 4268 866 4333 significantia
924 4279 1007 4320 est
1060 4272 1296 4322 vocabuli

237 4343 408 4415 hujusg
456 4346 559 4397 etsi
610 4345 772 4395 nostri
820 4346 1063 4413 'meologi
1114 4363 1294 4414 super-

2289 432 2420 499 895

1364 588 1625 641 stitionem
1639 598 1831 642 vocent
1840 601 2031 643 metum
2050 594 2303 659 quendam
2319 595 2423 646 De·

1362 680 1528 729 orum,
1551 668 1638 733 qui
1661 669 1941 733 peculiaris
1961 679 2041 720 est
2058 672 2301 722 aniculis:
2329 688 2420 723 uu·

1363 742 1430 792 de
1453 745 1637 793 sortita
1656 760 1843 796 nomeu
1870 747 2166 811 superstitio
2189 764 2218 797 a
2241 762 2418 812 super·

1363 821 1569 870 stitibns
1593 821 1815 886 scilieet,
1851 824 1898 873 h.
1919 839 1966 874 e.
2003 825 2185 874 vetulis
2208 833 2264 874 et
2286 826 2420 876 seui·

1363 895 1478 960 bus,
1518 900 1605 963 qui
1642 899 1730 948 diu
1753 900 2137 964 superfuerunt.
2203 903 2265 951 ln
2287 902 2421 953 hanc

1362 974 1789 1037 significationem
1835 979 2034 1029 loeutus
2076 985 2158 1028 est
2210 978 2423 1031 inferius

1363 1049 1539 1114 poeta,
1571 1066 1646 1101 vs.
1668 1056 1749 1103 84.
1786 1053 1803 1080 ‘
1827 1053 2049 1115 Relligio
2081 1055 2288 1120 peperit
2309 1071 2422 1106 sce-

1363 1125 1531 1176 lerosa
1567 1134 1723 1192 utque
1758 1128 1919 1191 impis
1954 1127 2125 1179 facts?
2200 1131 2421 1181 Prover-

1364 1204 1503 1256 bium
1550 1214 1697 1256 vetus
1737 1212 1845 1257 est:
1895 1208 1913 1236 ⁴
1938 1208 2265 1272 Religentem
2308 1223 2422 1258 esse

1360 1288 1601 1344 oportet:
1636 1282 1927 1347 religiosum
1953 1282 2149 1335 uefsst’
2183 1285 2319 1349 quod
2340 1300 2421 1335 re-

1362 1359 1480 1408 tulit
1505 1359 1748 1422 Nigidius
1770 1361 1874 1410 sic:
1909 1362 1925 1389 ‘
1946 1361 2065 1411 Hoc
2089 1360 2423 1412 inclinamen-

1364 1444 1472 1486 tum
1496 1450 1699 1501 semper
1718 1436 2014 1501 hujusmodi
2034 1438 2329 1499 verborum,
2364 1446 2423 1489 ut

1363 1510 1590 1575 vinosus,
1621 1513 1940 1575 mulierosus,
1973 1513 2258 1577 religiosus,
2279 1525 2426 1564 nuin-

1362 1601 1551 1651 mosus,
1568 1587 1827 1652 significet
1843 1589 2043 1653 copiam
2059 1590 2315 1654 quandam
2332 1592 2424 1640 im-

1362 1663 1614 1715 modicam
1631 1666 1728 1725 rei,
1744 1681 1901 1731 super
1918 1681 2021 1732 qua
2036 1667 2262 1718 dieitur!
2283 1666 2422 1719 Quo-

1362 1740 1503 1790 circs
1538 1742 1806 1807 religiosus
1840 1742 1882 1793 is
1921 1744 2303 1809 appellabatur,
2336 1745 2425 1809 qui

1361 1817 1521 1866 nimia
1542 1824 1597 1868 et
1618 1819 1983 1884 superstitiosa
2004 1819 2251 1884 religione
2273 1834 2328 1869 se
2351 1820 2422 1869 sl-

1364 1891 1651 1956 ligeverut:
1689 1907 1851 1959 esque
1875 1910 1958 1945 res
1981 1895 2107 1945 vitio
2130 1895 2422 1958 assignabit·
2444 1939 2455 1954 .

1366 1974 1472 2019 tur:
1498 1970 1635 2020 unde
1655 1970 1880 2035 religiosi
1900 1971 2011 2022 dies
2026 1970 2268 2022 dicuntur
2290 1972 2427 2022 tristi

1365 2047 1535 2098 omine
1557 2048 1777 2100 infames
1799 2049 2153 2116 impeditique,
2177 2051 2226 2100 in
2243 2049 2427 2116 quibus

1366 2138 1446 2173 res
1469 2124 1670 2174 divinas
1692 2123 1887 2189 fecere,
1923 2132 1979 2174 et
2003 2140 2108 2175 rem
2130 2126 2426 2191 quempiam

1362 2215 1549 2252 novum
1597 2202 1826 2252 exordiri
1877 2202 2267 2265 temperandum
2322 2209 2425 2264 est,

1364 2292 1490 2342 quos
1540 2279 1815 2329 multitudo
1856 2277 2090 2329 nefastos
2141 2280 2425 2344 appellant.

1365 2354 1553 2420 Itaque
1589 2355 1666 2406 M.
1693 2356 1880 2406 Cicero
1917 2355 2050 2405 libro
2089 2356 2424 2419 epistolarum

1366 2431 1433 2482 ud
1463 2431 1699 2483 Atticum
1723 2447 1891 2483 nouo:
1926 2433 1941 2459 ‘
1963 2432 2225 2497 Majores,'
2243 2433 2428 2499 inquit,

1364 2510 1561 2559 ‘nostri
1599 2507 1934 2559 funestiorem
1973 2509 2111 2558 diem
2144 2523 2261 2559 esse
2285 2510 2425 2560 volu·

1365 2591 1520 2634 erunt
1561 2583 1803 2634 Alliensis
1847 2598 2053 2648 pugnae,
2097 2599 2247 2649 quem
2281 2585 2427 2636 urbis

1364 2671 1567 2727 csptae:
1591 2662 1734 2727 quusi
1757 2663 1854 2712 lioc
1876 2663 2064 2713 malum
2087 2677 2152 2713 ex
2175 2663 2292 2713 illo:
2328 2665 2425 2713 itu-

1365 2753 1464 2803 que
1486 2739 1619 2788 ulter
1639 2738 1909 2803 religiosus
1930 2739 2087 2789 etism
2110 2753 2245 2789 nuuc
2277 2739 2389 2790 dies
2411 2757 2425 2790 ε

1366 2814 1501 2863 ulter
1521 2815 1574 2862 in
1593 2813 1773 2878 vulgus
1795 2814 2038 2878 ignotus!
2082 2815 2228 2865 Idem
2253 2822 2428 2865 temen

1365 2890 1606 2953 religiosa
1642 2889 1858 2940 delubra
1895 2891 2183 2956 mejestatis
2218 2905 2427 2941 reuers-

1366 2966 1622 3032 tiouisqne
1646 2968 1801 3031 plens
1822 2977 1997 3019 voest.
2044 2968 2293 3033 Religiosi
2313 2969 2427 3019 dies

1366 3045 1601 3094 ominosi.
1670 3043 1825 3094 Unde
1844 3045 2118 3096 Terentius
2150 3046 2203 3093 in
2237 3045 2428 3097 Heaut.

1364 3124 1412 3171 2.
1437 3125 1483 3170 1.
1510 3125 1590 3172 16.
1619 3122 1636 3150 ⁴
1660 3120 1794 3170 Num
1817 3121 1941 3170 nihil
1962 3136 2074 3170 esse
2094 3121 2216 3171 milii
2244 3122 2429 3186 religio

1366 3205 1445 3246 est
1468 3195 1678 3248 dicere.'
1743 3195 1963 3247 Sabinus
1986 3197 2278 3260 religiosum
2311 3210 2428 3246 esse

1367 3274 1660 3336 contendit,
1691 3273 1830 3338 quod
1862 3280 2079 3337 propter
2099 3273 2428 3324 sanctitatem

1370 3352 1597 3416 sliqusm
1644 3356 1897 3399 remotum
1952 3363 2014 3399 sc
2055 3349 2341 3414 sepositum
2395 3364 2428 3398 e

1368 3426 1515 3479 nobis
1532 3436 1631 3479 est.
1667 3427 1897 3476 Verbum
1916 3442 1946 3476 s
1966 3425 2303 3490 relinquendo
2319 3425 2428 3474 dic·

1369 3512 1477 3555 tum
1499 3524 1515 3556 2
1552 3512 1610 3555 ut
1627 3505 1924 3556 cerimoniae
1945 3519 1976 3554 a
1998 3503 2240 3555 carendo.
2286 3504 2430 3553 Pisis.

1370 3586 1473 3637 Qui
1496 3585 1744 3651 nequitiae
1764 3599 1873 3635 sum
1891 3592 2154 3634 auctorem
2172 3591 2432 3648 quarunt,

1369 3662 1672 3712 insanientis
1718 3661 1841 3711 dum
1891 3659 2159 3724 sapientiae
2209 3659 2430 3709 consulti

1372 3738 1636 3798 aberrant,
1680 3737 1777 3787 hoc
1821 3736 2050 3787 Lucretii
2096 3735 2210 3785 loco
2246 3743 2432 3785 contre

1370 3815 1678 3864 sententiam
1731 3814 2013 3879 Scriptoris
2059 3812 2199 3862 abuti
2242 3814 2431 3862 solent.

1371 3893 1685 3942 Existimant
1706 3891 1839 3941 enim
1863 3890 2161 3954 religionem
2194 3891 2290 3940 lioc
2318 3889 2432 3941 loco

1371 3969 1592 4033 positam
1616 3983 1713 4033 pro
1745 3970 1978 4019 Deorum
2014 3968 2157 4017 cultu
2190 3982 2281 4016 seu
2323 3967 2430 4032 pie·

1371 4053 1483 4096 tste
1504 4047 1557 4095 in
1600 4047 1774 4105 Deos;
1810 4053 1870 4095 ut
1903 4043 2059 4106 infra,
2092 4044 2210 4095 loco
2233 4045 2321 4094 illo
2343 4042 2430 4093 de-

1371 4122 1747 4184 cantatissimo,
1767 4135 1841 4170 vs.
1860 4123 1942 4170 48.
1964 4122 1981 4149 ‘
1998 4121 2215 4170 Tantum
2233 4119 2433 4184 relligio

1371 4198 1547 4261 potuit
1576 4197 1795 4248 suadere
1824 4198 2071 4247 mulorum
2090 4197 2126 4257 ς’
2160 4197 2251 4248 sed
2290 4204 2430 4246 utro-

1372 4273 1529 4338 bique
1550 4273 1816 4324 falluntur.
1872 4273 2076 4336 Religio
2097 4275 2233 4323 enim
2255 4288 2432 4336 super·

1373 4351 1516 4400 stitio
1538 4359 1635 4399 est.
1676 4350 1931 4414 Epicurus
1947 4356 2091 4399 certe
2114 4350 2259 4400 Deos
2277 4363 2430 4413 prop·
