3009 4925
593 395 726 466 9952

596 564 769 607 tamen
804 557 939 606 sicut
961 554 1124 616 edidi,
1147 555 1248 620 legi
1280 556 1430 605 malo.
1497 552 1651 607 Quod

594 625 767 684 autem
805 633 1140 699 φορτικότατοι
1176 633 1383 698 quidam
1429 632 1532 694 legi
1567 645 1651 680 vo-

594 711 728 774 lunt,
750 712 1011 775 Propterea
1031 712 1143 775 qaia
1162 726 1265 775 quoe
1285 710 1400 759 ullis
1415 714 1526 758 suat
1541 723 1653 772 par·

593 788 720 838 tibus
736 793 894 848 aucta,
919 788 1068 837 taleis
1086 801 1263 837 versus
1283 786 1379 836 sibi
1395 785 1650 835 habeant:

591 863 840 915 Lucretio
857 877 978 913 vero
997 862 1304 927 politissimo
1320 861 1564 925 scriptori
1587 875 1654 911 ne

592 939 856 1003 affingant.
906 937 1074 989 lamb.
1141 939 1336 988 Multis.
1381 937 1600 1002 Optime
1623 951 1652 985 a

596 1015 851 1066 Lambino
876 1015 1148 1064 restitutus
1176 1014 1258 1062 hic
1284 1014 1426 1063 locus
1450 1019 1552 1069 est,
1577 1012 1652 1061 in·

596 1091 719 1141 vitis
742 1090 973 1140 omuibus
997 1091 1128 1140 Mas.
1158 1090 1279 1140 Fas.
1350 1090 1470 1146 Qua
1491 1089 1654 1138 mauis

601 1175 747 1218 recte
772 1167 1049 1217 Lambinus
1066 1175 1249 1217 contra
1276 1181 1454 1218 omnes
1473 1166 1651 1216 libros.

592 1244 759 1294 Codd.
829 1244 950 1299 Quae
970 1245 1113 1294 nullis
1129 1261 1147 1294 :
1173 1243 1373 1293 vitiose.
1395 1240 1505 1292 Gif.
1529 1242 1652 1293 Par.

594 1323 717 1378 Quoe
739 1321 850 1370 ullis
864 1339 880 1371 .·
913 1336 1042 1386 quos
1062 1321 1147 1387 qui
1182 1320 1438 1385 sequitur,
1457 1321 1650 1370 Lucre·

593 1398 722 1448 tium
745 1405 803 1448 et
823 1413 1030 1449 sensum
1068 1411 1391 1449 communem
1425 1395 1652 1447 deseret.

593 1476 790 1526 creeclu.

650 1558 748 1604 633
775 1554 887 1603 Non
904 1557 1099 1617 possunt
1114 1551 1193 1615 ea]
1208 1551 1435 1601 Suband.
1461 1549 1650 1603 habere.

585 1644 690 1680 non
732 1636 953 1695 possunt
994 1628 1210 1691 habere,
1251 1628 1373 1693 qnia
1402 1638 1650 1678 concreta

589 1715 730 1772 sunt,
742 1708 1105 1768 determinata,
1122 1703 1439 1769 affecta,&c.
1456 1704 1648 1755 Itidem

588 1792 647 1834 ut
672 1784 884 1835 metalla
904 1797 961 1833 se
983 1783 1176 1833 habent
1199 1782 1263 1831 ad
1283 1780 1513 1846 lapidem
1527 1782 1648 1846 chy-

586 1860 795 1922 micum,
814 1865 872 1909 ut
888 1866 1107 1922 vocant3
1130 1865 1251 1909 sunt
1269 1858 1405 1909 enim
1426 1866 1648 1909 mortua.

588 1936 743 2063 F‘g'illi
784 2010 1052 2073 Genuam]
1088 2011 1133 2061 Ι.
1150 2026 1196 2061 e.
1219 2025 1249 2059 a
1272 2016 1461 2061 natura
1484 2009 1646 2060 admi-

584 2090 906 2140 nistrantur:
934 2089 1033 2146 vel,
1057 2095 1118 2138 ut
1138 2087 1346 2137 videtur
1363 2087 1447 2137 hic
1471 2088 1646 2151 legen-

583 2165 724 2231 dum,
739 2172 999 2229 emuntur,
1020 2167 1055 2218 i.
1077 2181 1124 2215 e.
1150 2165 1452 2230 gignuntur,
1466 2173 1529 2216 ut
1550 2180 1646 2215 sa:-

582 2256 650 2306 pe
673 2244 816 2293 alias.
840 2243 1005 2293 Lamo.
1051 2242 1328 2291 Lambinus
1349 2259 1362 2291 ε
1383 2247 1647 2305 guantur,

580 2327 766 2370 contra
808 2328 1013 2371 veteres
1046 2319 1223 2369 libros.
1273 2317 1380 2380 Gis.
1449 2320 1642 2368 Genua·

582 2401 664 2446 tur
706 2395 1006 2460 Lambinus,
1060 2395 1383 2459 Gassendus,
1427 2409 1644 2462 eamque

580 2474 861 2525 lectionem
925 2480 1110 2525 contra
1155 2471 1351 2524 Gifanii
1393 2478 1448 2522 et
1485 2473 1644 2523 Parei

587 2555 842 2620 strepitus
861 2570 936 2606 vs.
957 2560 1073 2606 626.
1095 2553 1258 2620 probe
1296 2551 1555 2617 defendit,
1587 2559 1645 2604 et

580 2637 780 2682 tuetur.
821 2632 1013 2683 creet-1⁸.

642 2716 743 2762 6⁸6
799 2712 1122 2777 Quapropter]
1179 2713 1308 2762 Cum
1357 2716 1642 2761 tractatum

577 2789 650 2839 sit
672 2789 1030 2853 copiosissime
1068 2789 1323 2853 principia
1356 2788 1526 2853 prima
1562 2803 1641 2837 es·

577 2880 634 2915 se
668 2873 889 2927 aeterna,
925 2865 1280 2929 indivisibilia,
1325 2865 1641 2928 immobilia3

578 2956 693 3006 qua-
719 2954 890 2991 tamen
924 2957 1145 3008 corpora
1165 2950 1359 3007 cogunt
1396 2943 1642 2995 babentia

576 3019 747 3068 varios
786 3033 1071 3083 connexus,
1119 3021 1373 3085 pondera,
1423 3035 1638 3072 concur-

575 3109 682 3157 sus,
735 3102 936 3157 motus;
990 3112 1085 3162 per
1122 3112 1251 3162 quas
1293 3113 1378 3148 res
1417 3112 1638 3164 qumque

575 3181 856 3237 gerontam
892 3172 966 3223 illi
1009 3176 1229 3225 maxime
1261 3174 1514 3226 falluntur
1552 3177 1639 3242 qui

571 3249 883 3314 principium
905 3265 1074 3302 rernm
1093 3252 1319 3303 omnium
1334 3253 1502 3316 ignem
1521 3268 1640 3303 esse

570 3332 852 3390 putarunt:
886 3328 1035 3392 cujus
1054 3329 1308 3393 opinionis
1324 3335 1379 3379 et
1397 3329 1638 3393 princeps

570 3411 627 3455 et
670 3413 853 3457 auctor
892 3406 1115 3457 babetur
1163 3406 1492 3458 Heraclitus:
1545 3405 1636 3456 sed

566 3482 798 3535 fallitur:
835 3485 973 3550 qnod
1003 3484 1404 3536 evidentissimis
1427 3484 1637 3535 rationi·

571 3560 665 3633 bus
726 3562 1184 3613 demonstrabitur.
1253 3562 1405 3614 Quod
1464 3569 1635 3611 autem

570 3637 872 3688 Heraclitus
890 3639 1060 3703 ignem
1069 3638 1352 3691 crediderit
1365 3653 1477 3691 esse
1497 3638 1636 3702 prin·

568 3715 761 3779 cipium
807 3729 980 3765 rerum
1025 3716 1185 3766 docet
1235 3715 1538 3766 Macrobius
1584 3721 1638 3765 et

569 3808 748 3842 omnes
788 3794 998 3844 eruditi.
1033 3793 1118 3844 bic
1157 3800 1241 3844 est
1277 3795 1365 3844 ille
1396 3795 1634 3846 Heracli·

568 3875 673 3932 tus,
720 3871 809 3934 qui
844 3871 1072 3920 tenebris
1105 3871 1409 3935 quibusdam
1453 3887 1634 3922 sensus

568 3960 687 3995 snos
711 3945 987 4008 diligenter
1008 3947 1260 3998 involvit:
1298 3949 1385 4012 qui
1415 3956 1634 4015 propter

567 4022 943 4074 obscuritatem
977 4022 1219 4074 desertus
1242 4031 1350 4075 est:
1387 4025 1456 4075 ob
1478 4042 1632 4090 quam

566 4099 841 4165 caliginem
869 4098 1128 4164 σκότωος,
1151 4102 1251 4151 hoc
1269 4108 1352 4151 est
1373 4103 1633 4153 tenebrico-

563 4192 645 4227 σιω
665 4183 746 4227 est
766 4177 940 4228 dictus
962 4193 993 4227 a
1016 4178 1256 4229 Graecis:
1291 4178 1356 4229 de
1377 4194 1479 4243 quo
1508 4180 1631 4232 Hie·

567 4269 808 4319 rouymus
847 4256 1016 4320 primo
1051 4264 1236 4307 contra
1259 4256 1628 4309 Jovinianum:

555 4334 570 4360 ⁸
584 4332 914 4395 Heraclitum
927 4342 1506 4401 quoque,cognomento
1521 4335 1631 4387 σκό-

1307 407 1523 462 NO'I'AE
1573 406 1974 456 vammum
2027 405 2142 458 ΙΝ.

1730 569 1902 615 reiron,
1917 550 2167 600 sudantes
2189 547 2478 614 philosophi
2502 547 2588 597 vix
2613 548 2795 598 intelli·

1730 628 1894 692 gunt?
1962 627 2127 677 Extat
2150 625 2591 690 elegantissimum
2619 623 2797 688 poema

1731 706 2108 768 Graecum,quo
2135 706 2301 752 lector
2325 701 2637 750 admonetur
2658 701 2793 749 volu-

1730 782 1869 831 mina
1892 779 2146 831 Heracliti
2183 793 2249 827 ne
2284 785 2480 827 temere
2508 784 2795 837 attrectet:

1732 858 1971 922 quoniam
2010 856 2178 921 primo
2212 855 2402 905 obtutu
2430 853 2712 903 affundent
2740 869 2793 904 se

1730 935 1780 984 ei
1824 934 1992 997 caligo
2038 940 2094 983 et
2141 931 2374 982 tenebra:
2399 947 2414 990 3
2456 945 2642 980 verum
2677 929 2792 979 dein

1728 1026 1847 1062 cum
1875 1024 2079 1061 sensnm
2119 1007 2423 1074 perceperit
2456 1006 2694 1055 inveniet
2726 1006 2795 1055 ln-

1728 1102 1844 1138 men
1887 1088 1997 1136 sole
2041 1083 2388 1150 splendidius.
2454 1083 2789 1134 Groecanicos

1726 1164 2009 1229 subscripsi
2034 1177 2243 1213 versus:
2271 1161 2351 1220 Μὴ
2372 1159 2530 1223 ταχὺς
2550 1161 2791 1226 Ἠρακλεῖ·

1725 1259 1812 1291 του
1838 1241 1910 1290 ἐπ’
1932 1239 2146 1304 ὀμφαλὸν
2167 1238 2292 1289 εἴλεε
2325 1238 2504 1296 βίβλον
2523 1239 2794 1301 romeiam

1723 1316 1856 1382 μάλα
1871 1336 1948 1368 τοι
1963 1318 2213 1379 δύσβατος,
2226 1315 2500 1381 ἀτραπιτός.
2521 1316 2703 1379 Ὀρφνὴ
2723 1316 2796 1365 καὶ

1725 1395 1897 1447 σκότος
1917 1393 2048 1445 ἐστὶν
2067 1393 2359 1456 ἀλάμπετον.
2387 1394 2448 1453 ἣν
2464 1392 2520 1443 δέ
2539 1411 2600 1444 σε
2617 1393 2796 1457 μύστης

1725 1469 1990 1537 mamm,
2034 1472 2239 1536 φανεροῦ
2279 1469 2565 1534 λαμπρότερ’
2621 1469 2792 1530 ἠελίου.

1724 1548 1830 1598 Hic
1853 1557 1937 1599 est
1971 1548 2059 1598 ille
2099 1549 2416 1612 Heraclitus,
2447 1564 2608 1615 quem
2639 1550 2793 1600 Plato

1722 1627 1942 1690 Cratylo
1966 1626 2155 1677 asserit
2190 1625 2455 1676 censuisse
2486 1632 2683 1677 cuncta
2704 1625 2792 1677 flu·

1722 1718 1810 1753 ere
1825 1701 2289 1768 semper,nibilqne
2307 1703 2631 1754 consistere:
2658 1704 2792 1755 unde

1721 1779 1945 1832 fortasse
1962 1781 2196 1831 manavit
2214 1781 2340 1830 illud
2363 1781 2604 1845 ejusdem
2621 1782 2792 1832 Plato·

1722 1857 1802 1908 nis
1835 1865 1986 1910 sexto
2014 1859 2082 1908 de
2111 1859 2316 1924 republ.
2382 1860 2596 1911 ‘Multo
2628 1861 2790 1924 magis

1721 1950 1872 2001 quam
1904 1938 1981 1987 soi
2017 1937 2344 1988 Heraclitius
2371 1937 2790 2003 extinguuntur!

1721 2012 1876 2064 Adde
1899 2015 2038 2080 quod
2063 2016 2137 2066 ait
2159 2016 2495 2081 Symmachus
2517 2017 2576 2066 in
2601 2018 2792 2083 episto·

1721 2090 1817 2142 lis:
1850 2093 1864 2119 ‘
1886 2091 2216 2143 Heraclitum
2244 2092 2515 2158 physicum
2540 2108 2789 2144 summani

1722 2167 1885 2218 laudis
1912 2169 2227 2220 arbitratum
2259 2183 2374 2219 esse
2411 2172 2501 2221 uni
2546 2171 2788 2236 placere-⁹

1721 2247 2106 2313 Innuitquoque
2120 2247 2231 2298 Cic.
2250 2247 2283 2298 1.
2301 2255 2423 2297 tert.
2443 2248 2510 2298 de
2525 2250 2599 2298 N.
2630 2250 2782 2299 Deor.

1719 2324 1894 2388 ignem
1919 2339 2033 2375 esse
2059 2324 2389 2388 principium,
2412 2324 2490 2375 sic
2508 2341 2525 2375 :
2541 2327 2675 2377 ‘Sed
2690 2343 2787 2378 om·

1718 2402 1805 2452 nia
1846 2402 2025 2466 vestri,
2057 2402 2245 2464 Balbe,
2273 2404 2447 2454 solent
2479 2403 2550 2455 ad
2588 2406 2787 2472 igneam

1719 2478 1821 2528 vim
1850 2478 2069 2543 referre,
2111 2480 2463 2545 Heraclitum,
2487 2489 2549 2533 nt
2584 2485 2785 2548 opinor,

1716 2563 2025 2622 sequentes:
2059 2571 2212 2621 quem
2252 2558 2419 2622 ipsum
2465 2574 2573 2610 non
2615 2576 2785 2612 omnes

1717 2633 2134 2698 interpretantur
2174 2649 2275 2685 uno
2311 2635 2501 2687 modo:
2537 2640 2630 2704 qni
2668 2655 2784 2705 qno·

1717 2711 1857 2760 niam
1903 2711 2024 2776 qnid
2072 2710 2275 2762 diceret
2327 2712 2553 2777 intelligi
2606 2718 2783 2779 noluit,

1717 2803 1835 2838 enm
1881 2788 2215 2839 omittamus.’
2275 2788 2414 2840 Pius.
2492 2792 2654 2843 Nunc
2700 2793 2782 2843 ali-

1719 2872 1847 2930 quot
1881 2866 1987 2917 suis
2020 2864 2327 2928 rationibus,
2347 2882 2466 2932 quae
2506 2870 2783 2932 principio·

1716 2958 1829 2993 rum
1861 2943 2024 2992 instar
2056 2951 2195 3005 sunt,
2218 2940 2564 3009 confirmatis,
2595 2961 2656 2995 ac
2687 2953 2782 2995 sta·

1719 3018 1892 3082 bilitis,
1912 3019 2102 3083 incipit
2119 3020 2358 3084 aliorum,
2370 3036 2660 3088 eorumque
2682 3024 2779 3073 cla-

1713 3097 1928 3157 riorum,
1958 3095 2377 3159 philosophorum
2410 3099 2683 3162 opiniones
2708 3113 2782 3150 re·

1713 3173 1913 3236 fellere,
1932 3187 1993 3222 ac
2019 3170 2375 3224 labefactare:
2409 3182 2574 3242 atque
2593 3178 2660 3228 ab
2680 3178 2781 3227 He·

1714 3250 1902 3300 raclito
1924 3249 2125 3299 initium
2148 3246 2308 3300 facit:
2345 3252 2436 3316 qui
2470 3254 2681 3304 dicebat
2702 3254 2780 3318 (ut

1711 3327 1897 3377 scribit
1938 3326 2201 3392 Laertius)
2220 3326 2380 3378 πάντα
2401 3326 2457 3379 ἐκ
2477 3330 2625 3397 τυρὸς
2659 3349 2778 3381 owe·

1713 3402 1899 3466 στέγαι,
1908 3398 1987 3453 καὶ
1996 3401 2060 3453 εἰς
2070 3405 2211 3455 τοῦτο
2224 3404 2527 3457 ἀναλύεσθαι*
2542 3410 2607 3459 τὰ
2619 3408 2778 3465 πάντα,

1712 3480 1946 3546 haithca,
1966 3483 2044 3534 ocal
2072 3483 2303 3533 πυκνύσει
2333 3484 2577 3548 γινόμενα,
2600 3488 2694 3550 ῥεῖν
2720 3486 2778 3534 τὰ

1711 3562 1875 3611 πολλὰ
1887 3565 2095 3625 ποταμοῦ
2118 3562 2267 3622 δίκην·
2285 3562 2604 3626 πυκνούμενον
2620 3565 2677 3613 τὸ
2693 3565 2777 3626 πῆ)

1712 3640 2058 3706 ξηραίνεσθαι
2078 3642 2157 3692 καὶ
2179 3640 2293 3706 ἀέρα
2311 3640 2544 3703 γίνεσθαι·
2568 3639 2780 3692 συνιστό-

1707 3734 1849 3780 μονον
1870 3718 1983 3785 ἀέρα
2000 3721 2213 3782 γίνεσθαι
2241 3720 2373 3784 ὕδωρ·
2399 3720 2696 3783 πηγνύμενον
2721 3719 2776 3767 τὸ

1711 3797 1845 3862 ὕδωρ,
1880 3796 1944 3848 εἷς
1966 3800 2060 3860 γῆν
2086 3795 2349 3862 τρέπεσθαι,
2369 3797 2452 3848 καὶ
2474 3798 2653 3858 ταύτην
2673 3798 2776 3848 ὁδὸν

1709 3872 1788 3922 erl
1820 3871 1877 3922 τὸ
1911 3873 2037 3925 κάτω
2078 3872 2208 3924 εἶναι·
2242 3872 2386 3924 πάλιν
2418 3894 2476 3926 τε
2512 3876 2654 3934 αὐτὴν
2688 3874 2774 3933 τὴν

1707 3952 1802 4013 γῆν
1819 3953 2025 4015 χεῖσθαι,
2042 3951 2090 4015 ἐξ
2111 3948 2167 4009 ἧς
2186 3951 2246 4000 τὸ
2272 3951 2387 4016 ὕδωρ
2402 3954 2628 4015 γίνεσθαι·
2650 3954 2702 4002 ἐκ
2722 3951 2771 4001 tl

1705 4025 1877 4078 τούτου
1896 4028 1960 4077 τὰ
1974 4030 2120 4079 λοιπὰ
2140 4027 2416 4093 ὁμοὼς,ξο.
2441 4030 2562 4089 αὕτη
2582 4032 2620 4079 δ’
2647 4028 2772 4078 ἐστὶν

1707 4104 1738 4164 ᾗ
1760 4103 1855 4153 ἄνω
1883 4104 2006 4166 ὁδός,
2029 4107 2061 4154 i.
2085 4120 2133 4154 e.
2152 4107 2166 4132 ‘
2190 4106 2382 4156 Omnia
2415 4120 2482 4156 ex
2515 4107 2633 4170 igne
2653 4120 2769 4155 con·

1705 4190 1865 4243 stare,
1884 4191 1941 4233 et
1965 4183 2018 4232 in
2053 4183 2223 4246 ignem
2260 4182 2467 4232 resolvi.
2533 4183 2658 4232 Cum
2685 4196 2771 4230 aa·

1709 4268 1814 4311 tem
1851 4261 2022 4310 omnia
2065 4258 2440 4321 rarefactione,
2463 4267 2517 4312 et
2549 4260 2772 4310 conden-

1703 4338 1907 4389 sstione
1947 4338 2095 4403 fiant,
2115 4336 2275 4389 fluere
2303 4352 2489 4403 magna
2521 4353 2584 4388 cx
2620 4345 2765 4402 parte
