3009 4925
463 476 529 523 Τ.
577 470 934 538 nucnss'rn
983 470 1165 521 cam
1220 469 1320 519 DE
1366 469 1634 521 RERUM
1686 469 1860 519 NAT.
1911 469 2052 517 [AB.
2102 470 2147 517 l.

246 617 569 670 Quamobrem
612 617 909 682 legendnm,
951 619 1026 666 ila
1075 613 1287 680 perfurit

245 696 334 744 seri
350 696 464 744 Cum
475 695 698 757 fremitu,
717 694 943 756 nevitque
964 690 1140 743 minaci
1157 703 1289 739 mar·

244 786 359 821 me
377 777 543 822 conas.
609 770 767 824 Quod
778 771 888 835 jam
915 767 1170 834 probabo,
1197 765 1286 815 ubi

243 847 306 898 sic
325 849 456 913 loqui
478 849 686 900 solitum
721 862 837 899 esse
874 847 1170 898 Lucretium
1206 857 1287 894 os·

244 925 454 978 tendero.
519 925 601 976 Ad
626 924 764 982 hunc
798 924 957 988 igitur
989 920 1194 972 modum
1233 921 1284 969 in

242 1001 324 1052 hoc
344 1004 449 1066 ipso
466 1003 594 1053 libro
613 1002 794 1066 dixit,‘
812 999 1034 1051 flammai
1052 998 1178 1050 flore
1198 1012 1283 1048 co·

243 1078 378 1129 orto.'
441 1080 527 1130 Sic
551 1093 627 1130 vs.
645 1083 763 1129 899.
787 1082 838 1128 2.
875 1082 989 1128 806.
1021 1076 1039 1105 4
1065 1077 1115 1125 in
1131 1087 1285 1124 omne

243 1156 378 1208 Unde
398 1165 578 1210 coorta
609 1164 774 1223 queat
811 1170 946 1208 nova
985 1155 1063 1206 vis
1101 1156 1286 1206 irrum-

243 1232 390 1295 pere!
428 1234 565 1285 Item
609 1238 725 1285 552.
766 1234 782 1262 4
806 1233 912 1283 Sed
955 1232 1102 1299 quasi
1160 1245 1284 1281 nau-

242 1306 400 1373 fragiis
419 1311 626 1377 magnis
664 1312 943 1376 multisque
969 1307 1200 1361 coortis!
1237 1311 1285 1359 3.

242 1389 342 1436 Bm.
389 1388 405 1416 4
423 1387 502 1438 Ex
524 1387 730 1439 infinito
765 1402 885 1453 qun
921 1387 1121 1452 possint
1148 1384 1286 1435 forte

244 1464 436 1516 coorta?
498 1471 550 1517 6.
573 1471 693 1517 577.
725 1465 961 1515 ‘Ventus
999 1464 1091 1514 nbi
1129 1470 1289 1528 atque

241 1543 406 1594 auium
444 1545 623 1595 subito
665 1543 743 1594 vis
784 1543 1005 1593 maxima
1051 1540 1288 1608 quedam

240 1616 338 1668 Aut
365 1621 685 1672 extrinsecus
720 1626 810 1671 ant
844 1621 962 1685 ipsa
999 1620 1065 1670 ab
1099 1619 1286 1670 tellure

242 1697 434 1750 coorta!
494 1699 700 1750 Iterum
731 1697 913 1748 eodem
948 1698 1005 1747 in
1036 1695 1173 1746 libro
1207 1710 1286 1745 va.

240 1776 337 1825 966.
365 1775 380 1804 4
399 1777 470 1825 Et
493 1781 841 1840 tempestates
870 1781 1012 1826 terra
1049 1774 1287 1838 coeloque

241 1857 449 1904 coortat)
509 1853 675 1903 Multi
693 1852 780 1902 alii
814 1851 918 1902 loci
939 1865 1009 1901 ex
1029 1849 1287 1900 indicibus

239 1926 542 1980 Lucretianis
586 1929 701 1994 peti
746 1934 1014 1993 poterunt,
1060 1927 1116 1977 ui
1160 1926 1288 1977 satis

239 2004 433 2081 sint‘qni
452 2007 615 2057 modo
638 2007 784 2057 allati
804 2005 971 2057 fuere.
1039 2004 1287 2061 Ceterum

243 2095 319 2131 sen
336 2088 489 2134 wreus
509 2085 696 2148 legas‚·
713 2098 804 2133 seu
824 2087 1032 2146 mortus,
1065 2080 1287 2146 perinde

240 2158 377 2221 plane
396 2167 512 2221 esu
544 2174 667 2210 cum
700 2160 869 2210 soleat
890 2157 1168 2210 Lucretius
1198 2172 1287 2220 ge·

237 2233 382 2286 minas
403 2237 632 2300 vocales,
665 2237 754 2287 nbi
779 2236 1039 2287 coutinuae
1061 2241 1201 2299 sunt,
1234 2235 1288 2285 iu

239 2311 436 2363 eandem
489 2313 748 2378 syllabam
802 2312 1135 2364 concludere.
1202 2310 1289 2361 lta

237 2386 316 2437 lib.
337 2394 381 2438 5.
405 2393 520 2441 848.
540 2391 559 2420 4
581 2390 933 2456 cooperuisse’
958 2397 1041 2442 eat
1062 2389 1290 2456 quinque

238 2464 532 2528 syllabarum
571 2473 793 2532 tanturn,
826 2484 940 2534 qum
972 2484 1074 2519 vox
1109 2475 1285 2518 tamen

238 2553 319 2589 sex
339 2543 548 2607 syllabis
582 2552 822 2595 constare
856 2543 1138 2595 debuerat:
1171 2545 1188 2573 ‘
1209 2551 1289 2595 at·

238 2631 327 2681 que
337 2620 535 2685 oppida
548 2621 916 2686 cooperuisse!
932 2622 1019 2674 lta
1032 2622 1088 2672 in
1103 2626 1155 2672 6.
1171 2625 1289 2673 4⁰9.

236 2695 562 2762 ‘cooperiant
581 2699 599 2721 '
637 2708 864 2764 quatuor
897 2706 1097 2751 tantum
1135 2699 1290 2764 sylla-

233 2770 539 2827 barnmfecit
556 2794 570 2827 ε
590 2776 608 2805 4
624 2777 942 2841 Cooperiant
958 2776 1155 2827 maria.'
1176 2774 1288 2825 Ali·

235 2848 282 2898 bi
304 2853 456 2903 etiam
479 2855 495 2881 ‘
515 2854 829 2905 coaluerant
844 2855 860 2878 '
896 2854 1289 2920 tetrasyllabum

234 2924 366 2980 fecit.
430 2931 595 2981 Nunc
617 2930 683 2980 ad
698 2930 759 2981 τὸ
778 2937 936 2982 cortus
958 2932 1288 2983 veniendum.

238 3001 434 3055 Certum
456 3013 540 3057 eat
564 3008 618 3057 in
644 3007 774 3059 Cod.
797 3010 902 3060 Ma.
925 3008 1168 3073 Bertinii,
1189 3022 1291 3073 quo

238 3096 347 3133 usus
364 3086 484 3136 olim
507 3092 596 3138 est
611 3087 833 3153 Dionys.
853 3088 1152 3151 Lambinus,
1172 3100 1290 3137 eum

235 3173 446 3225 versum,
465 3164 719 3228 Principia
737 3164 869 3215 venti
887 3165 963 3215 vis
982 3164 1198 3215 verberat
1216 3165 1290 3214 ia-

234 3236 321 3287 eiu
337 3245 535 3303 penem
564 3239 675 3303 [vel
692 3241 884 3305 portus]
924 3242 1001 3291 sic
1037 3241 1291 3305 scriptum

237 3327 362 3378 esse,
382 3317 641 3382 Principio
661 3317 792 3368 nenti
810 3318 886 3368 vis
903 3318 1122 3369 verberat
1140 3318 1294 3368 incita

235 3395 414 3451 cenas,-
446 3391 542 3444 sed
564 3407 681 3445 cum
704 3408 818 3447 eam
852 3408 1034 3445 vocem
1069 3408 1171 3444 non
1217 3394 1292 3444 in-

237 3468 527 3533 telligerent
549 3469 895 3535 Interpretea,
928 3486 996 3521 ex
1024 3470 1293 3523 musse-

237 3556 348 3595 cere
365 3551 570 3611 prens,-
602 3546 741 3612 quod
761 3548 1020 3614 hodieque
1043 3549 1099 3598 in
1117 3549 1293 3600 multis

237 3621 544 3675 editionibus
581 3630 835 3688 apparet;
887 3640 989 3691 qna
1025 3624 1078 3675 in
1113 3640 1172 3675 re
1217 3625 1294 3676 bia

237 3706 557 3761 peccarunt3
590 3714 710 3750 nam
746 3699 800 3750 in
837 3715 901 3752 eo
940 3716 1096 3753 versu
1128 3708 1296 3767 portus

239 3785 344 3824 esse
380 3789 488 3826 nou
524 3783 735 3840 potest3
767 3782 827 3827 ut
868 3791 968 3829 nec
1010 3777 1071 3827 τὸ
1107 3783 1294 3829 eorm.-

240 3846 370 3911 dein‚
391 3852 474 3901 nti
500 3851 728 3915 videtur,
758 3852 902 3903 illam
942 3868 1124 3905 vocem
1146 3854 1298 3905 nihili

240 3936 344 3974 esse
365 3927 756 3991 existimarunt,
776 3938 893 3993 qum
917 3935 1096 3980 tamen
1118 3937 1175 3980 et
1197 3931 1299 3980 La·

239 3999 504 4066 tinisaima,
540 4010 598 4054 et
616 4005 735 4055 huic
757 4005 1101 4071 descriptioni
1132 4006 1297 4058 maxi-

241 4089 316 4126 me
330 4086 456 4143 apta
476 4087 581 4145 eat,
612 4081 656 4130 ai
678 4080 827 4131 modo
847 4083 903 4132 in
925 4098 1069 4133 suam
1102 4082 1299 4146 sedem,

242 4156 465 4207 utiame
497 4156 698 4209 factum
730 4165 830 4224 eat,
861 4159 1082 4210 reducta
1116 4157 1300 4223 fuerit,

242 4231 458 4296 legendo
480 4234 702 4300 scilicet,
731 4235 1036 4300 itamar-it
1055 4237 1161 4287 aeri
1180 4237 1301 4289 Cant

232 4307 449 4375 simtu,
465 4309 694 4373 seritque
722 4310 902 4363 minaci
932 4327 1171 4365 mamare
1201 4328 1301 4365 eor·

2285 452 2419 521 939
2487 456 2490 460 ,

1355 619 1453 666 eas.
1522 615 1603 665 Ex
1654 612 1981 680 ignoratione
2033 617 2208 663 antem
2260 612 2417 677 hujus

1359 692 1500 740 vocis
1518 689 1713 741 factum
1736 691 1862 740 item
1894 696 1995 752 est,
2027 698 2088 739 ut
2120 691 2264 740 locus
2306 690 2417 755 qni-

1358 769 1473 820 dam
1508 770 1562 820 in
1585 775 1634 820 8.
1671 776 1727 820 et
1766 770 1896 819 aliua
1931 770 1983 819 in
2009 773 2059 819 4.
2089 784 2261 834 quem,
2297 783 2415 820 cnm

1358 861 1421 896 eo
1444 853 1655 896 venturn
1686 845 1865 909 fuerit,
1899 846 2259 908 indicabimus,
2293 860 2421 896 non·

1357 924 1479 975 dum
1503 924 1571 975 ab
1593 924 1700 974 ullo
1720 924 2018 989 Interprete
2039 923 2289 987 explicari
2328 938 2419 988 po-

1358 1003 1538 1052 tuerit.
1605 1000 2049 1054 Quemadmodum
2073 1015 2197 1050 vero
2218 1014 2320 1051 non
2344 1002 2421 1050 vi-

1357 1078 1553 1129 derunt
1574 1078 1698 1144 quid
1721 1085 1864 1128 esset
1897 1083 2071 1138 conus,
2106 1078 2183 1127 ita
2212 1092 2422 1143 quoqne
2523 1118 2527 1121 ,

1359 1156 1482 1221 quid
1505 1162 1650 1205 esset
1667 1160 1829 1220 copias
1858 1154 1994 1204 haud
2027 1168 2151 1205 sane
2192 1155 2425 1205 animad-

1356 1239 1568 1284 vertere
1592 1238 1895 1297 potuerunt.
1961 1231 2097 1281 Inde
2132 1231 2265 1282 adeo
2296 1238 2423 1282 nata

1355 1309 1447 1359 illa
1470 1316 1554 1360 eat
1589 1308 1760 1375 ἀπορία
1794 1308 1874 1360 καὶ
1915 1308 2174 1371 ἀμηχανία,
2206 1309 2283 1360 uti
2327 1322 2422 1359 suo

1357 1387 1626 1452 aperietur
1657 1388 1793 1449 loco,
1826 1400 1943 1451 quae
1979 1385 2307 1450 Interpretes
2351 1387 2428 1436 in·

1360 1464 1513 1515 vasit.
1558 1463 1942 1514 Existimabant
1964 1463 2101 1513 enim
2123 1467 2289 1527 coptus
2308 1477 2423 1515 ease

1358 1546 1602 1606 emptus,-
1634 1538 1805 1606 quain
1832 1553 1892 1589 re
1914 1537 2052 1589 baud
2074 1553 2200 1589 sane
2232 1539 2425 1590 leviter

1359 1619 1495 1684 lapsi
1517 1625 1655 1669 sunt.
1694 1616 1818 1667 Fut».

1426 1692 1639 1756 Pontus]
1666 1694 1887 1757 Com-eas,
1906 1692 1988 1743 vel
2018 1689 2224 1742 cortun.-
2247 1697 2305 1742 nt
2327 1704 2425 1756 op·

1363 1771 1487 1824 time
1512 1770 1702 1837 Faber,
1734 1769 1821 1837 qui
1845 1771 1998 1821 istam
2036 1784 2215 1821 vocem
2247 1785 2278 1819 e
2312 1784 2426 1820 ver·

1361 1866 1422 1902 sn
1458 1854 1575 1902 277.
1615 1851 1836 1915 ejectam
1880 1865 1977 1902 suo
2017 1849 2251 1901 restitnit
2291 1849 2427 1900 loeo.

1365 1931 1551 1979 Pontus
1573 1928 1709 1978 enim
1742 1942 1844 1978 vox
1886 1927 2033 1977 nihili
2070 1934 2171 1991 est,
2221 1933 2280 1977 et
2314 1926 2425 1977 solo

1363 2007 1506 2072 Fayo
1530 2006 1705 2070 digna,
1745 2005 1834 2071 qui
1858 2003 1924 2054 ad
1950 2017 2152 2054 versum
2173 2006 2291 2053 2⁷6.
2313 2002 2426 2053 bec

1361 2090 1558 2136 monet.
1620 2083 1637 2112 ‘
1660 2079 1765 2145 ltu]
1820 2081 2090 2133 Particula
2142 2079 2425 2143 Compara-

1362 2161 1539 2212 tionis.
1589 2160 1872 2224 Comparat
1913 2158 2111 2224 quippe
2154 2156 2299 2207 venti
2335 2169 2427 2205 va·

1363 2237 1454 2287 lidi
1489 2236 1752 2287 fremitum
1786 2236 2036 2286 murmuri
2075 2232 2231 2283 maris
2252 2230 2429 2282 furen-

1363 2312 1466 2366 tis.'
1533 2310 1770 2364 Acumen
1791 2312 2032 2363 hominis.
2070 2309 2263 2360 Greech.

1427 2389 1640 2455 Pontus]
1671 2390 1868 2441 Merito
1907 2403 2034 2439 sane
2075 2401 2258 2439 vocem
2295 2385 2428 2436 hane

1363 2467 1587 2517 alienam
1607 2466 1691 2516 bic
1707 2466 1890 2516 sedem
1925 2478 2213 2530 occupasse
2251 2466 2433 2514 censet

1365 2543 1559 2606 Faber,
1588 2557 1789 2607 proque
1831 2557 1897 2592 ea
1939 2540 2214 2591 substituit
2256 2544 2432 2589 coms.

1367 2620 1486 2671 Nisi
1508 2619 1647 2670 forte
1665 2618 1827 2681 magis
1850 2617 2100 2679 arrideat,
2119 2615 2259 2681 quod
2280 2613 2431 2664 nobis

1368 2694 1641 2747 admodum
1656 2694 1938 2760 juvenibus
1966 2693 2080 2757 jam
2115 2692 2170 2741 in
2203 2696 2433 2741 mentem

1366 2772 1570 2825 venisse
1590 2771 1823 2832 memini,
1842 2784 2030 2836 nempe
2050 2784 2065 2819 ε
2097 2769 2329 2832 soevitqae
2348 2768 2436 2816 nti·

1364 2850 1736 2901 ”cimmo
1771 2849 1939 2898 Coras.
1970 2844 2263 2912 preprimis
2295 2844 2432 2893 enim

1365 2926 1527 2979 creber
1546 2928 1628 2978 bic
1652 2932 1839 2977 ventus
1856 2926 2079 2990 procellis
2101 2922 2265 2973 audit.
2282 2921 2434 2984 virg.

1369 3005 1570 3071 Georg.
1624 3009 1669 3055 3.
1720 3009 1841 3055 ³⁵6.
1927 3003 1942 3031 ‘
1964 3003 2183 3066 Semper
2235 2998 2439 3063 hyems,

1369 3098 1577 3148 semper
1598 3083 1858 3147 spirantes
1884 3078 2079 3145 frigora
2100 3076 2296 3129 Cauri!
2320 3118 2327 3123 .
2362 3075 2435 3125 Et

1367 3161 1626 3224 Lucanus,
1658 3161 1745 3225 qui
1778 3160 1914 3209 bunc
1945 3158 2117 3208 locum
2149 3163 2272 3206 ante
2310 3167 2433 3204 ocu-

1366 3236 1444 3287 los
1480 3236 1727 3287 babuisse
1760 3234 1990 3296 videtur,
2033 3231 2268 3296 adeoque
2312 3243 2435 3280 con·

1359 3312 1588 3376 jecturae
1608 3318 1798 3362 nostre
1820 3309 1957 3360 baud
1978 3309 2095 3359 leve
2116 3311 2432 3359 momentum

1367 3391 1597 3452 accedit,
1620 3390 1805 3439 Phara.
1829 3393 1880 3437 5.
1900 3390 2017 3436 5⁷2.
2075 3390 2090 3412 ‘
2107 3385 2152 3434 si
2173 3394 2438 3432 murmura

1368 3468 1532 3519 Ponti
1561 3465 1904 3525 Consulimus,
1939 3461 2062 3512 Cori
2093 3464 2306 3511 verrent
2333 3471 2441 3507 ma·

1368 3544 1462 3596 re.'
1493 3544 1623 3596 Juv.
1648 3542 1763 3593 Sat.
1802 3544 1878 3590 10.
1920 3543 2033 3589 18⁰.
2097 3536 2198 3587 ‘In
2244 3535 2436 3586 Corum

1372 3627 1531 3686 atque
1551 3621 1743 3670 Eurum
1764 3617 1944 3667 solitus
1965 3614 2153 3665 saevire
2173 3607 2436 3675 flagellis?

1371 3705 1427 3749 et
1450 3695 1725 3747 Claudian.
1750 3694 1803 3744 in
1823 3690 1943 3743 Ruf.
1967 3696 2017 3740 2.
2039 3694 2155 3740 222.
2222 3689 2239 3718 4
2258 3689 2438 3741 Quan-

1371 3784 1482 3828 tum
1504 3790 1607 3825 non
1626 3771 1849 3824 madidis
1865 3771 1994 3821 elisa
2011 3769 2242 3819 tonitrua
2259 3761 2441 3823 Coria?

1370 3854 1545 3917 Preig.

1441 3928 1667 3992 Comus]
1701 3927 1903 3992 Arguto
1943 3937 2120 3975 veram
2155 3922 2438 3973 lectionem

1372 4014 1552 4072 cortus,
1583 4021 1677 4057 seu
1717 4009 1924 4067 coortus,
1970 4016 2034 4051 ex
2080 4000 2187 4050 Ma.
2228 3998 2438 4049 Bertin.

1374 4085 1602 4136 firmavit
1652 4082 1842 4132 Faber.
1931 4078 2123 4128 Verum
2181 4082 2304 4125 tunc
2356 4073 2440 4124 hic

1373 4167 1544 4212 cuttu
1578 4158 1897 4222 subintelligi
1920 4155 2112 4215 debet3
2144 4151 2280 4202 dixit
2300 4150 2440 4201 enim

1375 4237 1604 4297 infinitio
1623 4236 1697 4285 νὴ
1716 4236 1864 4287 venti.
1918 4230 2096 4283 Possis
2117 4229 2245 4279 alias
2266 4239 2442 4279 eruen-

1376 4315 1501 4367 dare
1521 4328 1678 4379 corus,
1709 4312 1799 4380 qui
1821 4316 2007 4362 ventus
2044 4313 2129 4359 est
2164 4304 2439 4355 vehemens
