3009 4925
498 475 568 523 τ.
622 475 975 527 Lucam-11
1025 478 1203 529 cAm
1238 481 1353 530 *nu
1403 482 1663 534 annosi
1721 489 1893 539 NAT.
1943 491 2086 541 ms.
2135 495 2217 543 ιι.
2302 480 2476 548 1073

275 628 568 699 Turnebus,
607 642 663 688 et
704 635 965 704 Muretus,
1000 648 1055 692 et
1091 641 1332 694 Passera·
1473 650 1537 697 78
1579 649 1644 698 Et
1669 651 1804 715 quasi
1826 650 1975 718 curm]
2009 654 2241 706 Sumtum
2267 672 2298 707 a
2320 659 2468 724 ludis,

274 710 395 775 tius,
423 708 659 776 probent,
686 719 743 763 ut
767 716 833 765 sit
856 719 1051 779 tmesis,
1078 734 1171 782 pro
1194 737 1334 785 quae·
1406 738 1531 787 quos
1553 724 1816 778 faciebant
1839 729 2199 797 Athenienses,
2235 746 2482 803 quosque·

274 803 501 854 cunque.
524 790 685 842 Lamo.
733 791 838 842 Alii
861 810 1066 859 cunque.-
1092 813 1192 847 non
1218 808 1331 849 tan·
1403 799 1585 863 ἀγῶνας
1623 804 1986 870 λαμπαδούχους
2015 811 2381 874 appellabant:
2410 817 2464 865 in

273 866 330 915 ti.
370 867 565 918 creecla.
1404 879 1589 944 quibus
1627 882 1670 932 is
1705 885 1792 948 qui
1824 887 2089 949 currebat,
2124 889 2365 952 lampada
2388 898 2463 943 te·

333 946 398 993 72
440 944 577 994 Unde
606 946 794 1011 abeunt,
826 950 1069 1017 minuunt]
1120 953 1204 1019 Id,
1241 971 1327 1005 un·
1400 955 1580 1018 nebat,
1601 964 1842 1021 et,cursu
1864 954 2130 1029 confefito,
2153 965 2200 1016 ei
2219 968 2305 1031 qui
2323 976 2462 1032 post-

267 1016 333 1067 de
356 1018 569 1081 abeunt,
592 1023 843 1075 minuunt.
877 1022 1047 1079 Lamb.
1116 1030 1221 1087 Quo
1249 1048 1324 1082 ve·
1401 1045 1462 1080 ea
1504 1048 1744 1084 cursurus
1785 1046 1897 1088 erat
1927 1039 2167 1105 lampada
2202 1043 2463 1097 tradebat.

263 1111 394 1159 nere,
415 1099 499 1162 ξε.
522 1097 595 1163 id,
618 1116 720 1166 quo
741 1112 1095 1171 accesserunt,
1114 1119 1324 1174 augent.
1397 1110 1788 1175 significabatur
1806 1125 1978 1167 autem
2000 1135 2093 1184 per
2109 1121 2242 1173 hanc
2266 1124 2462 1189 lampa·

226 1174 231 1179 '
262 1173 432 1225 lamb.
496 1178 703 1240 Agmine
745 1179 865 1231 alii:
924 1198 1049 1249 qnos
1094 1201 1196 1236 non
1242 1204 1320 1239 se-
1399 1185 1537 1246 dem,
1561 1195 1615 1238 et
1637 1204 1861 1252 cursum,
1890 1194 2008 1244 vitm
2032 1196 2267 1248 humanm
2291 1200 2461 1252 brevi·

263 1266 413 1316 quor.
453 1255 647 1306 Creech.
1396 1270 1491 1314 tas.
1511 1281 1611 1331 qun
1636 1267 1700 1317 de
1721 1282 1777 1319 re
1797 1268 1913 1319 vide
1932 1270 2292 1338 Aristophanis
2310 1280 2456 1330 scho-

272 1330 283 1337 '
319 1333 385 1379 74
421 1330 505 1381 Sic
535 1349 693 1384 rerum
724 1352 905 1388 summa
938 1348 1142 1392 novatur
1184 1342 1320 1394 Sem·
1393 1340 1596 1394 liasten.
1660 1342 1894 1410 Usurpat
1909 1347 2008 1398 hoc
2031 1355 2086 1398 et
2109 1351 2261 1402 Plato
2284 1354 2376 1407 lib.
2397 1362 2448 1409 6.

252 1408 362 1472 per]
394 1407 531 1460 Quia
554 1411 690 1475 quod
712 1428 776 1463 ex
794 1430 896 1464 uno
920 1415 1145 1483 decedit,
1167 1421 1318 1470 alteri
1393 1417 1459 1467 de
1499 1419 1656 1485 legib.
1723 1422 1972 1475 Γεννῶντες
2025 1424 2102 1475 καὶ
2146 1428 2449 1495 iem-pisones

257 1487 485 1553 accedit,
520 1494 575 1540 et
618 1500 762 1543 ortus
795 1495 963 1559 unius,
999 1497 1211 1549 alterius
1237 1507 1319 1550 est
1390 1494 1576 1559 παῖδας»
1592 1496 1797 1564 καθάπερ
1817 1499 2040 1561 λαμπάδα
2059 1503 2144 1552 τὸν
2171 1504 2276 1561 βίον
2300 1527 2449 1572 παρα·

248 1562 529 1627 interitns3
549 1567 624 1618 ita
642 1570 877 1634 quaedam
897 1574 1315 1641 aeternitas‚quo-
1387 1570 1589 1625 διδόντες
1610 1573 1776 1627 ἄλλοις
1799 1578 1847 1640 ἐξ
1863 1578 2036 1631 ἄλλων.
2063 1581 2096 1632 ἰ.
2118 1583 2133 1610 ‘
2156 1583 2450 1648 Gignentes

252 1639 319 1689 ad
341 1641 457 1705 ejus
474 1638 589 1693 fieri
604 1652 796 1711 potest,
820 1663 915 1711 per
933 1652 1313 1703 successionem
1390 1655 1446 1699 et
1491 1652 1690 1703 alentes
1746 1654 1954 1720 liberos,
1997 1657 2154 1709 vitam
2202 1662 2449 1729 tanquam

250 1732 430 1768 rerum
471 1730 826 1774 conservatur,
893 1723 1083 1792 Itaque
1126 1728 1315 1779 Home.
1387 1724 1630 1789 lampada
1683 1730 1793 1779 aliis
1850 1746 1917 1781 ex
1973 1734 2087 1784 aliis
2141 1738 2449 1792 tradentes!

249 1808 338 1843 rus
363 1801 437 1845 Ιλ.
456 1794 506 1859 ζ’.
523 1798 781 1849 hominnm
801 1808 1012 1851 aetatem
1032 1818 1148 1853 eum
1163 1804 1309 1855 folio·
1387 1801 1537 1854 Pers·
1569 1804 1679 1855 Sat·
1710 1811 1756 1857 6.
1781 1811 1860 1859 61.
1890 1810 1905 1835 ‘
1929 1810 2032 1863 Qui
2068 1813 2209 1876 prior
2239 1831 2316 1879 es,
2351 1832 2447 1868 cut·

247 1886 363 1921 rum
405 1882 526 1923 ortu
570 1881 625 1926 et
667 1883 854 1928 natura
899 1893 1188 1946 comparat,
1233 1898 1307 1934 vs,
1384 1881 1542 1949 mein
1566 1881 1786 1933 decursu
1809 1885 2048 1950 lampada
2071 1890 2290 1953 poscis?
2323 1893 2443 1945 Huc

245 1952 364 2001 146.
402 1951 493 2012 Οἴη
508 1971 594 2019 περ
605 1951 799 2017 φύλλων
808 1955 965 2019 γενεὴ,
972 1956 1127 2016 τοιήδε
1139 1957 1217 2008 καὶ
1230 1960 1308 2010 ἀν-

241 2028 392 2091 δρῶνι
416 2028 451 2080 i.
473 2044 520 2078 e.
556 2032 573 2057 ‘
592 2031 709 2081 Non
726 2032 854 2081 alius
867 2035 1028 2084 multo
1049 2042 1131 2086 est
1150 2038 1307 2087 homi-

239 2120 368 2155 nnm
415 2114 577 2173 ortus,
625 2124 773 2173 quam
818 2107 1096 2164 foliorum.’
1158 2114 1307 2165 ldem

240 2189 314 2233 Ιλ.
334 2193 393 2247 φ.
417 2188 535 2235 464.
570 2186 634 2237 de
666 2187 987 2239 hominibus=
1023 2189 1084 2240 οἳ
1102 2191 1304 2256 φύλλοι-

236 2279 319 2310 σιν
357 2262 561 2313 ἐοικότες
603 2262 782 2314 ἄλλοτε
830 2263 989 2328 μέντοι
1036 2269 1304 2333 Ζαφλεγέες

232 2336 529 2402 τελέθουσιν,
550 2339 741 2407 ἀρούρης
762 2342 939 2408 καρπὸν
961 2343 1157 2411 ἔδοντες,
1183 2347 1299 2399 ’'AA-

233 2419 409 2467 λοτεδ’
431 2417 795 2483 αὖφθινῦθουσιν
814 2422 1010 2488 ἀκήριοι*
1032 2426 1066 2477 i.
1092 2442 1140 2478 e.
1163 2429 1178 2456 ‘
1198 2430 1300 2482 Qui

230 2491 377 2545 foliis
400 2497 611 2558 similes,
633 2499 891 2550 interdum
910 2517 1120 2553 munere
1145 2512 1297 2555 terrae

230 2569 546 2637 vescentes,
566 2569 785 2626 florent:
825 2577 1083 2629 interdum
1106 2582 1297 2634 lumine

229 2645 372 2699 cas'si
392 2650 703 2703 Intereunt.’
737 2654 822 2704 Sic
846 2665 901 2705 et
924 2657 1295 2712 Mimnermus:

222 2727 396 2789 Ἥμεΐς
419 2729 462 2778 δ’
485 2725 561 2778 οἶιί
576 2748 633 2779 τε
666 2728 831 2794 φύλλα
848 2731 953 2796 φύει
978 2733 1296 2799 πολυάνθεμος

226 2804 326 2869 ὅρη
349 2802 515 2870 Ἠρος,
538 2805 607 2855 ὅτ’
636 2804 729 2872 αἶψ’
755 2809 878 2871 αὐγὴ
908 2812 1093 2875 αὔξεται
1118 2814 1294 2872 ἠελίου.

226 2883 268 2931 i.
292 2898 343 2932 e.
389 2885 405 2912 ‘
429 2885 542 2935 Nos
589 2893 783 2950 autem,
821 2891 1019 2954 qualeis
1063 2890 1292 2944 frondeis

224 2958 338 3010 fert
374 2959 657 3012 floriferum
698 2979 806 3029 ver,
838 2966 972 3017 Solis
1000 2966 1170 3034 fulgor
1207 2987 1295 3022 eas

224 3037 440 3102 quando
475 3039 587 3102 alit,
622 3048 776 3105 atque
809 3040 988 3093 fovet!
1055 3045 1184 3097 Cum
1215 3047 1291 3098 his

225 3122 530 3179 congruunt
551 3123 605 3166 et
632 3115 718 3166 illa
744 3115 1057 3171 Lucretiana
1078 3128 1127 3172 5.
1144 3128 1290 3177 1275.

219 3193 236 3218 ‘
252 3190 345 3240 Sic
372 3192 630 3242 volvenda
647 3202 775 3244 aetas
795 3205 1076 3249 commutat
1092 3193 1290 3266 tempo-

219 3281 285 3316 ra
328 3282 521 3318 rernm.
592 3269 742 3321 Quod
777 3270 879 3323 fuit
919 3275 969 3323 in
1005 3279 1195 3342 pretio,
1231 3279 1290 3330 fit

217 3344 368 3393 nullo
408 3344 633 3412 denique
678 3347 902 3401 honore:
938 3353 1103 3403 Porro
1143 3355 1287 3405 aliud

218 3421 483 3483 succedit,
498 3431 551 3472 et
570 3439 598 3474 e
613 3429 954 3484 contemtibus
970 3431 1123 3486 exit.’‚
1139 3432 1285 3483 Idem

213 3500 270 3546 8.
294 3500 410 3549 977.
441 3499 457 3524 ‘
477 3497 631 3549 Cedit
671 3502 806 3552 enim
850 3519 1019 3555 rerum
1049 3510 1286 3560 novitate

213 3577 435 3622 extrusa
477 3577 738 3627 vetustas!
806 3579 953 3630 Idem
980 3581 1076 3632 hoc
1102 3585 1283 3636 eodem

210 3649 356 3699 libro
400 3650 557 3716 infra,
596 3658 709 3704 575.
761 3655 777 3684 ‘
798 3655 950 3708 Nunc
996 3659 1101 3724 hic,
1145 3677 1282 3714 nunc

207 3725 324 3776 illie
342 3736 596 3792 superant
616 3731 790 3782 vitalia
814 3748 1006 3798 rerum,
1042 3738 1111 3788 Et
1132 3755 1282 3803 supe-

210 3809 399 3852 rantur
427 3804 553 3854 item
576 3824 590 3855 ε
628 3809 874 3859 miscetur
898 3810 1079 3863 funere
1105 3831 1283 3880 vagor,

211 3878 383 3931 Quem
410 3883 564 3945 pueri
591 3883 777 3934 tollunt
814 3887 1040 3939 visentes
1077 3892 1282 3942 luminis

208 3972 336 4006 oras
357 3975 371 4007 ε
412 3960 527 4009 Nec
550 3976 651 4010 nox
675 3963 776 4013 ullu
797 3965 954 4030 diem,
971 3982 1138 4034 neque
1158 3985 1280 4022 noc-

204 4039 318 4085 tem
346 4050 531 4087 aurora
556 4048 740 4090 secuta
763 4049 862 4106 est,
900 4046 1032 4096 Quae
1064 4063 1162 4098 non
1190 4064 1280 4098 au-

208 4105 371 4174 dierit
406 4113 587 4164 mistos
623 4117 879 4180 vagitibus
917 4122 1068 4182 aegris
1100 4123 1279 4175 Plora-

204 4193 318 4249 tus,
353 4189 537 4240 mortis
571 4193 805 4256 comites,
839 4203 893 4246 et
926 4194 1117 4249 funeris
1142 4202 1278 4253 atri.'

272 4269 340 4315 75
380 4264 581 4332 Mutua]
615 4269 660 4318 1.
686 4284 733 4320 e.
755 4280 946 4324 mutuo.
965 4283 1020 4326 et
1044 4278 1114 4327 itu
1133 4294 1277 4344 saepe

207 4344 359 4394 alias.
411 4344 577 4395 Lamo.
658 4342 864 4399 Mutuo.
892 4352 1276 4407 Hellenismus:

200 4422 530 4487 successive,
563 4421 784 4487 εὐάλλαξ.
831 4429 950 4480 Feb.

336 4504 517 4570 oapi..
543 4511 593 4555 «ι
618 4505 737 4557 rar.
763 4508 892 4560 σιω.

1227 4516 1418 4568 Lueret.

1376 1957 1616 2025 pertinet
1668 1959 1797 2010 illud
1842 1962 2038 2013 Cornif.
2099 1967 2133 2016 l.
2172 1971 2220 2016 4.
2286 1968 2444 2021 Rhet-

1381 2037 1395 2061 ⁶
1417 2034 1536 2083 Non
1558 2035 1712 2098 enim,
1748 2039 2179 2102 quemadmodum
2212 2043 2261 2093 in
2289 2048 2444 2110 pale·

1380 2113 1490 2160 stra
1514 2113 1599 2176 qui
1625 2113 1790 2164 taedas
1825 2114 2084 2167 ardenteis
2107 2120 2321 2185 accipit,
2356 2138 2442 2174 ce-

1379 2185 1538 2237 lerior
1582 2195 1664 2238 est
1697 2191 1750 2239 iu
1785 2206 1937 2241 cursu
1975 2195 2244 2260 continuo,
2286 2214 2439 2264 quam

1377 2261 1464 2311 ille
1487 2263 1576 2327 qui
1612 2265 1807 2329 tradit;
1843 2269 1917 2318 ita
1950 2272 2134 2322 melior
2156 2274 2441 2339 imperator

1377 2352 1559 2404 novus,
1601 2343 1686 2407 qui
1726 2344 1920 2410 accipit
1955 2350 2259 2413 exercitum,
2284 2368 2438 2417 quam

1375 2413 1461 2465 ille
1485 2415 1571 2481 qui
1598 2418 1842 2470 decedit:
1880 2431 2163 2489 propterea
2187 2429 2322 2492 quod
2345 2429 2436 2481 de·

1372 2487 1624 2556 fatigatus
1668 2509 1844 2546 cursor
1889 2498 2093 2564 integro
2131 2500 2319 2570 facem,
2350 2507 2435 2556 hic

1373 2568 1573 2630 peritus
1612 2571 1852 2635 imperito
1908 2577 2200 2626 exercitum
2237 2581 2433 2633 tradit.'

1374 2645 1444 2696 Et
1458 2646 1587 2696 illud
1603 2648 1847 2699 'Varronis
1866 2651 1955 2700 lib.
1974 2657 2021 2701 3.
2045 2652 2108 2702 de
2124 2655 2256 2706 R.R.
2277 2658 2291 2685 ‘
2309 2658 2438 2724 Sed,

1373 2738 1403 2773 o
1436 2724 1660 2788 Merula,
1687 2724 1848 2778 Axius
1871 2737 2047 2779 noster
2071 2745 2154 2796 ne,
2175 2733 2295 2783 dum
2319 2736 2433 2787 hec

1371 2803 1539 2867 audit,
1578 2804 1839 2872 physicam
1885 2809 2141 2875 addiscat,
2179 2813 2317 2877 qnod
2363 2814 2432 2866 de

1368 2879 1547 2931 fructu
1572 2883 1694 2933 nihil
1720 2885 1846 2949 dixi,
1891 2901 2046 2937 cursu
2070 2888 2310 2953 lampada
2331 2891 2430 2942 tibi

1369 2959 1557 3011 trado.'
1592 2963 1970 3016 Commemorat
2000 2968 2091 3017 hos
2123 2969 2268 3018 ludos
2293 2969 2429 3020 Har·

1366 3037 1605 3099 pocratio
1621 3039 1673 3088 in
1694 3055 1818 3091 voce
1835 3041 2206 3106 &catatumbis
2220 3046 2393 3096 verbis
2414 3064 2431 3098 ε

1363 3113 1488 3176 τρεῖς
1507 3113 1596 3177 (αἱ.
1622 3115 1744 3180 τρὶς)
1777 3116 1972 3179 ἄγουσιν
2001 3120 2233 3181 Ἀθηναῖοι
2265 3124 2428 3188 ἑορτὰς

1362 3189 1621 3251 λαμπάδος·
1693 3195 2043 3260 Παναθηναίοις,
2098 3197 2429 3265 Ἥφαιστείοις,

1364 3271 1677 3334 Προμηθείοις,
1711 3273 1936 3335 Πολέμων
1967 3274 2114 3338 φησὶν
2144 3277 2196 3326 ἐν
2223 3279 2291 3338 τᾷ
2317 3280 2427 3345 περὶ

1360 3350 1454 3397 τᾶν
1479 3348 1530 3397 ἐν
1547 3351 1647 3398 τοῖς
1663 3349 1963 3414 προπυλαίοις
1978 3350 2194 3404 πινάκων.
2237 3352 2426 3419 Ἴστρος

1362 3424 1404 3473 δ’
1431 3425 1481 3472 ἐν
1501 3424 1660 3491 πρώτῃ
1691 3430 1786 3477 τῶν
1812 3428 2034 3477 ’Art-{Boou
2056 3427 2200 3492 εἶπεν,
2219 3430 2280 3480 ὦς
2296 3432 2346 3481 ἐν
2361 3436 2425 3497 τῇ

1359 3505 1453 3551 τῶν
1473 3504 1785 3569 Ἀπατουρίων
1805 3506 1944 3571 ἑορτῇ
1960 3507 2212 3566 Ἀθηναίων
2232 3509 2277 3557 οἱ
2303 3519 2419 3559 καλ-

1357 3577 1529 3629 λίστας
1547 3580 1725 3631 στολὰς
1741 3581 2042 3640 ἐνδεδυκότες.
2083 3583 2315 3640 λαβόντες
2336 3587 2425 3647 {ual-

1356 3654 1500 3717 μένας
1526 3656 1773 3717 λαμπάδας
1805 3658 1897 3708 ἀπὸ
1917 3663 2001 3719 τῆς
2021 3660 2197 3724 ἑστίας,
2231 3664 2420 3723 ὑμνοῦσι

1356 3731 1442 3782 τὸν
1466 3732 1754 3798 Ἥφαιστον,
1798 3735 2002 3800 θύοντες,
2051 3737 2294 3800 ὑπόμνημα
2332 3743 2419 3791 τοῦ

1356 3809 1713 3870 κατανοήσαντα
1741 3812 1835 3871 τὴν
1871 3813 2033 3879 χρείαν
2069 3817 2155 3865 τοῦ
2181 3815 2322 3881 πυρὸς
2353 3820 2418 3868 δι-

1355 3885 1485 3950 δάξαι
1501 3887 1610 3938 τοὺς
1644 3887 1836 3941 ἄλλους.
1873 3892 1905 3941 i.
1931 3907 1977 3942 e.
2008 3894 2022 3921 ‘
2040 3894 2184 3943 Treiss
2200 3894 2292 3960 (8¹0
2316 3894 2418 3960 Μ’)
2519 3963 2528 3968 ,

1357 3962 1466 4013 dies
1500 3963 1666 4014 festos
1700 3966 1977 4030 Lampadis
2017 3969 2223 4032 agitant
2259 3970 2417 4022 Athe-

1354 4040 1591 4092 nienses:
1628 4042 2016 4108 Panathenaeis,
2051 4048 2147 4097 hoc
2166 4056 2245 4098 est
2268 4050 2416 4115 quin-

1354 4118 1642 4182 quatribus,
1682 4119 2015 4185 Hephaestiis,
2040 4123 2074 4172 i.
2098 4137 2146 4175 e.
2169 4124 2253 4174 die
2276 4125 2414 4177 festo

1352 4197 1594 4260 Vulcani,
1615 4197 1964 4261 Prometheis,
2002 4210 2062 4251 ut
2096 4204 2174 4252 ait
2194 4202 2412 4254 Polemo

1350 4272 1482 4320 libro
1519 4275 1582 4324 de
1617 4275 1807 4325 tabulis
1842 4292 1956 4342 quae
2008 4279 2059 4327 in
2100 4282 2414 4344 templorum

1350 4350 1619 4401 vestibulis
1643 4353 1831 4416 positae
1851 4361 1990 4404 sunt.
2057 4356 2196 4406 Ister
2212 4373 2332 4408 vero
2358 4359 2411 4407 in

1352 4426 1518 4491 primo
1560 4428 1861 4479 Atticarum
1899 4429 2133 4496 tradidit,
2165 4431 2249 4490 die
2278 4432 2411 4484 fests

2226 4523 2340 4574 ³³?
