3009 4925
422 468 492 516 T.
540 468 895 517 LUGRETH
946 470 1126 519 cAm
1180 473 1277 520 1)ss
1324 470 1592 522 RERUM
1645 477 1822 527 NAT.
1871 478 2015 527 Llu.
2062 484 2143 530 11.

225 610 303 661 via
335 618 416 663 est
448 612 617 679 aliqua
651 614 957 666 secernendi
989 615 1105 678 ejus
1129 613 1267 679 qnod

226 688 369 741 ‹lulec
401 697 503 755 est,
533 693 601 742 ab
633 707 695 743 eo
733 692 871 756 quod
906 700 987 743 est
1019 707 1265 745 amarum.

282 846 586 911 Scor-sumque
628 846 843 913 sedena]
891 848 1162 913 Seoidendi,
1209 854 1269 899 ut

224 923 535 985 secernendi,
565 938 595 974 a
625 924 793 975 verbis
827 923 1054 989 ejusdem
1076 923 1267 989 signifi·

225 998 448 1049 cationis.
485 998 607 1052 Feb.

281 1079 372 1125 473
406 1076 913 1142 Ηιιιιιονιὶιιὶσει,ιιὺὸ]
952 1079 1271 1144 Conjectura

225 1149 397 1203 ductus
438 1154 517 1204 ita
560 1156 757 1221 scripsi.
840 1155 977 1206 Vide
1017 1155 1269 1206 Iudicem.

223 1227 419 1294 vulgati
440 1233 607 1285 duleis.
639 1232 750 1285 Gis.
801 1233 954 1283 Ηιιιιι.
975 1235 1151 1296 dulcet,
1171 1234 1271 1296 ubi,

220 1307 319 1371 ξω]
347 1308 400 1358 Si
423 1311 685 1376 volgatam
719 1317 776 1362 et
809 1316 1075 1375 receptam
1108 1310 1270 1377 scrip-

222 1388 377 1432 turam
400 1385 681 1448 tuebimur,
699 1386 866 1437 humor
880 1388 1046 1451 dulcis,
1065 1388 1149 1438 bic
1169 1389 1274 1437 erit

221 1458 367 1510 ordo:
423 1462 499 1510 ita
549 1461 930 1529 (subintellige)
972 1471 1031 1514 ut
1075 1465 1272 1527 humor,

220 1551 397 1602 nempe
417 1539 585 1590 dulcis
605 1540 658 1591 in
672 1539 877 1593 foveam
894 1540 1042 1606 fluat,
1058 1550 1114 1592 et
1131 1557 1269 1593 man·

220 1623 429 1677 suescat,
451 1616 538 1666 nbi
561 1618 695 1668 idem
719 1618 919 1682 humor,
948 1633 1136 1684 nempe
1158 1620 1270 1670 dul·

221 1689 304 1754 cis,
324 1695 507 1744 crebro
541 1696 858 1761 percolatur,
890 1696 943 1746 id
967 1703 1050 1747 est
1071 1712 1271 1761 perma-

219 1777 321 1833 nat,
340 1778 394 1821 et
412 1774 715 1836 pertransit,
732 1781 811 1838 ut,
833 1777 935 1825 διο.
997 1774 1101 1824 Sed
1128 1774 1270 1825 vide-

221 1854 299 1896 tur
328 1848 628 1914 legendum,
650 1851 841 1900 Humor
871 1851 1089 1901 acerbus.-
1123 1858 1182 1900 ut
1203 1851 1272 1902 sit

218 1925 294 1976 bic
314 1927 458 1991 ordo,
481 1927 591 1978 Ubi
626 1929 811 1979 humor
844 1928 1062 1979 acerbus
1088 1940 1270 1991 perco-

218 2000 345 2054 lstur
360 2006 594 2056 crebrius
615 2007 709 2067 ita,
731 2012 805 2069 nt,
827 2008 926 2056 ὅτε.
952 2006 1053 2067 vel,
1074 2013 1136 2056 ut
1159 2006 1271 2071 qui-

219 2080 326 2130 dam
362 2082 630 2133 existimat
660 2082 795 2133 male
830 2081 896 2132 de
927 2098 1011 2132 me
1038 2082 1272 2144 meritus,

220 2158 398 2210 Humor
446 2162 617 2225 dahis,
660 2161 760 2225 nbi,
809 2162 891 2225 ξε.
936 2163 1040 2223 vel,
1087 2161 1273 2211 Humor

218 2238 390 2289 daher.-
423 2241 587 2291 dulcet
616 2248 811 2302 autem,
842 2254 931 2290 seu
962 2242 1132 2304 dulcit,
1167 2241 1199 2291 i.
1222 2255 1270 2292 e.

219 2314 484 2381 dulcescit,
532 2324 593 2368 ut
635 2317 772 2367 idem
831 2318 916 2367 ille
969 2323 1134 2368 notat.
1178 2332 1273 2369 cur

217 2392 345 2443 enim
361 2395 623 2459 cuiqm,
638 2395 1017 2460 quantumlibet
1034 2395 1271 2459 improbo

217 2475 366 2534 atque
413 2472 628 2537 injusto,
666 2486 814 2522 suum
864 2473 1123 2537 eripiam?
1170 2473 1270 2522 uisi

216 2543 341 2598 toste
365 2549 463 2599 boc
488 2563 697 2615 quoque
714 2549 789 2599 illi
807 2549 1030 2600 alienum
1054 2557 1153 2613 cst,
1169 2565 1274 2600 non

215 2637 368 2677 suum.
400 2627 418 2655 ‘
444 2627 674 2677 Humor’
690 2643 866 2692 porro,
883 2643 1070 2693 nempe
1086 2629 1271 2692 salsus,

215 2709 266 2751 ct
284 2702 533 2754 marinus.
597 2703 750 2754 Licet
768 2706 947 2763 etiam,
970 2712 1028 2755 ιιι
1050 2705 1170 2754 mihi
1196 2706 1273 2754 vi-

214 2779 377 2844 detne,
417 2783 620 2848 legere,
653 2782 946 2844 Pereoiaeztua,
987 2787 1045 2832 ut
1079 2781 1149 2832 sit
1186 2782 1271 2832 hic

214 2855 335 2907 ordo
348 2856 626 2907 verborum
643 2875 656 2906 ε
695 2853 791 2909 Est
806 2859 940 2909 ratio
958 2858 1271 2909 secernundi

213 2933 428 2984 humoris
468 2934 613 2998 salsi,
649 2934 713 2985 ab
748 2949 810 2985 eo
846 2936 933 3001 qui
970 2935 1137 2985 dulcis
1171 2943 1272 2999 est,

216 3008 316 3072 ubi,
343 3010 398 3061 id
433 3017 521 3063 est
553 3011 780 3077 quando,
809 3013 991 3063 humor
1019 3014 1270 3077 (marinus

214 3088 436 3155 scilicet)
453 3088 690 3140 crebrius
703 3090 840 3140 idem
865 3093 1179 3155 percolatus,
1198 3092 1275 3142 ita

213 3171 267 3213 ιιι
288 3164 339 3214 in
361 3163 567 3216 foveam
584 3163 708 3217 fluat
725 3173 780 3217 et
798 3174 1142 3231 mansuescat,
1158 3168 1272 3218 dul-

213 3239 300 3304 eit,
323 3243 430 3293 sive
455 3242 657 3306 dulcet,
689 3242 722 3291 i.
756 3258 802 3295 e.
837 3244 1112 3296 dulcescit.
1135 3246 1280 3312 quod

213 3317 252 3366 si
286 3319 367 3368 cni
414 3320 667 3383 placebit,
700 3320 776 3370 sic
812 3322 915 3372 erit
950 3322 1275 3387 distinguen-

212 3393 347 3457 dum,
369 3396 683 3463 Sem-sumque
705 3399 893 3449 videndi
922 3399 1108 3449 Humor
1125 3401 1274 3450 dulcit

209 3471 287 3521 abi
290 3489 409 3538 ,per
428 3479 551 3525 terra
585 3473 796 3525 erebrius
827 3477 950 3526 idem
974 3475 1275 3542 Pei-colans,

211 3550 288 3611 ξε.
323 3551 507 3601 Lamb.

270 3631 367 3676 474
402 3625 710 3691 Pei-colatur]
767 3628 929 3680 Quasi
974 3645 1065 3695 per
1105 3631 1274 3681 colum

213 3711 489 3767 purgatur,
519 3704 658 3756 unde
689 3705 869 3756 calatus
897 3708 1034 3770 apud
1056 3708 1273 3757 Tertull.

210 3778 294 3830 lib.
336 3781 495 3831 1..αά
542 3783 816 3845 Nationes,
852 3783 1152 3834 ‘Serenitas
1187 3798 1274 3834 co-

211 3856 348 3919 lata,'
363 3873 494 3924 pura
515 3858 737 3921 scilicet,
756 3861 772 3889 ‘
796 3859 1050 3910 innubilus
1075 3860 1274 3923 aetlner:

212 3932 355 3999 virg.
390 3935 546 3987 Virus
570 3944 742 3986 autem
761 3943 913 3987 antea
933 3938 1163 3987 occurrit
1180 3950 1275 4002 pro

214 4009 448 4062 humore.
485 4013 606 4062 Fal».

272 4091 369 4138 475
404 4087 551 4152 Linq.
591 4104 667 4138 eu.
702 4102 805 4152 sup.
843 4094 946 4139 toet.
980 4090 1089 4154 εμπ]
1140 4090 1274 4141 Νιιιιι

216 4177 346 4230 aqua
379 4167 581 4216 marina
611 4166 829 4232 (inquit)
849 4181 1059 4232 supera,
1092 4168 1126 4217 i.
1151 4182 1200 4217 e.
1223 4169 1279 4218 in

215 4244 484 4307 superiore
528 4252 675 4308 parte
721 4254 897 4309 terrae,
942 4245 1133 4311 linquit
1175 4247 1278 4311 pri·

216 4322 417 4372 mordia
439 4324 581 4373 taetri
603 4324 717 4388 viri,
751 4323 806 4372 id
840 4330 921 4374 est
945 4325 1165 4373 humoris
1189 4340 1277 4373 na-

216 4398 397 4451 turalis
418 4399 620 4453 marini.
683 4400 772 4452 lta
803 4407 977 4452 antem
1000 4401 1277 4466 legendum

2230 460 2401 538 1123

1341 631 1474 680 esse,
1488 619 1920 683 quemadmodum
1941 625 2296 680 excudendum
2317 647 2402 682 cu·

1341 694 1590 758 ravimus,
1608 697 1923 748 vincuntlib.
1944 708 2051 752 tres
2069 708 2401 772 manuscript.

1342 775 1398 820 et
1429 769 1551 822 Ald.
1569 773 1733 839 antiq.
1766 782 1823 826 et
1856 776 2023 829 Paris.
2049 779 2144 829 nisi
2176 783 2314 846 quod
2347 785 2403 834 in

1343 845 1513 898 Paris.
1563 856 1619 900 et
1669 866 1770 900 uno
1810 856 2145 920 manuscript.
2191 858 2403 923 legitur,

1342 924 1514 989 liquuit
1528 928 1653 977 enim
1671 930 1803 979 sceeri
1834 945 2002 995 supera
2017 935 2162 997 prim.
2232 937 2405 989 Prisc.

1343 1008 1515 1053 autem
1560 1004 1675 1056 libr.
1712 1010 1760 1057 6.
1803 1007 1939 1058 hiiac
1982 1024 2184 1061 versum
2227 1017 2404 1077 paullo

1344 1077 1496 1128 aliter
1539 1078 1756 1143 profert.
1794 1083 1870 1132 sic
1909 1084 2045 1135 enim
2095 1087 2199 1151 ille,
2243 1089 2406 1154 Liqait

1344 1155 1469 1204 enias
1488 1170 1660 1221 supera
1680 1161 1813 1210 tetri
1833 1162 2037 1225 vestigia
2055 1164 2167 1214 riri.
2203 1165 2297 1216 sed
2323 1169 2404 1216 vel

1345 1231 1485 1280 aliud
1507 1233 1699 1295 agebat
1734 1235 1902 1286 Prisc.
1936 1239 2022 1287 vel
2043 1241 2314 1305 scriptoris
2347 1244 2409 1292 li·

1345 1306 1502 1357 brarii
1528 1318 1799 1374 peccatum
1824 1320 1924 1363 est.
1957 1315 2121 1367 Lamo.
2188 1317 2409 1369 Priscia-

1343 1385 1545 1436 nuslib.
1569 1390 1619 1438 6.
1669 1386 1871 1451 Linquit
1891 1391 2112 1453 vestigio.
2179 1393 2405 1445 Quidam

1345 1470 1547 1512 veteres
1561 1463 1747 1515 etiam:
1781 1467 1940 1528 liquit.
1975 1467 2086 1519 Gif.
2127 1469 2253 1521 Viri.
2288 1470 2407 1521 Ser-

1344 1541 1454 1589 vius
1479 1539 1543 1590 ad
1562 1541 1749 1606 virgil.
1768 1543 1965 1608 Georg.
1987 1550 2032 1595 1.
2056 1550 2167 1596 128.
2201 1552 2215 1576 ⁴
2234 1548 2407 1598 Hodie

1344 1624 1451 1667 tres
1485 1626 1685 1668 tantum
1722 1619 1880 1670 habet
1914 1636 2096 1673 casus.
2082 1640 2094 1652 ·
2130 1623 2227 1674 hoc
2248 1625 2405 1689 virus,

1343 1694 1440 1745 hoc
1463 1695 1625 1758 virus,
1649 1711 1681 1745 o
1701 1696 1851 1746 virus.
1898 1696 2117 1763 Antiqui
2137 1699 2292 1763 hujus
2312 1700 2408 1749 viri

1345 1777 1610 1828 dicebant.
1663 1779 1954 1828 Lucretius.
1990 1779 2006 1807 ‘
2029 1779 2153 1830 tetri
2187 1780 2408 1866 primor-

1346 1853 1433 1903 dia
1453 1854 1583 1904 viri!
1595 1854 1780 1905 ’.Ηαυ

1407 1936 1508 1982 470
1543 1932 1650 1988 Quo
1681 1931 1860 1995 magis]
1891 1933 2031 1985 Quia
2068 1939 2190 1985 snut
2221 1949 2408 2001 aspera

1344 2007 1563 2058 scilicet.
1598 2008 1720 2059 Feb.

1410 2089 1506 2137 477
1546 2088 1686 2144 Quod
1704 2090 1924 2151 quonium
1945 2090 2099 2153 docui,
2122 2091 2232 2155 qm]
2267 2091 2336 2142 H.
2358 2107 2406 2142 e.

1349 2164 1483 2226 qnod
1532 2163 1856 2228 probandum
1907 2168 2155 2232 suscipit;
2205 2169 2410 2219 variant

1344 2237 1525 2304 figuroe
1549 2247 1853 2305 atomorum,
1884 2248 1940 2293 et
1973 2251 2055 2294 est
2089 2244 2292 2294 illarum
2323 2261 2410 2295 va-

1347 2317 1424 2366 ria
1449 2317 1768 2380 magnitudo,
1800 2328 1859 2369 ut
1884 2320 1995 2385 jam
2020 2329 2285 2373 ostensum
2309 2330 2409 2384 est,

1345 2392 1437 2442 sed
1480 2400 1653 2443 tamen
1688 2394 1780 2444 illa
1811 2397 2032 2447 varietas
2064 2397 2267 2448 infinita
2307 2412 2410 2447 non

1347 2477 1459 2532 est3
1507 2472 1604 2521 etsi
1648 2472 1717 2521 sit
1759 2472 2050 2538 indefinita,
2089 2489 2182 2523 seu
2217 2477 2409 2524 incom-

1346 2546 1729 2610 prehensibilis.
1796 2549 1860 2599 Id
1898 2550 2060 2613 primo
2096 2550 2285 2615 probat
2309 2566 2410 2601 vss.

1346 2626 1426 2673 22.
1453 2637 1517 2671 ex
1542 2624 1656 2687 ipsa
1689 2625 1959 2687 seminum,
1992 2643 2143 2691 quam
2174 2629 2294 2677 olim
2317 2627 2410 2678 de-

1345 2707 1742 2762 monstraverat,
1791 2703 2066 2766 parvitate.
2148 2705 2223 2754 Ut
2272 2705 2410 2754 enim

1344 2775 1627 2842 figurarum
1649 2779 1874 2829 varietas
1908 2778 2047 2830 foret
2080 2780 2299 2841 infinita,
2317 2796 2409 2831 nc-

1347 2868 1495 2904 cesse
1535 2865 1617 2905 est
1657 2862 1717 2905 ut
1760 2857 2009 2908 immensa
2052 2859 2123 2909 sit
2158 2860 2409 2909 seminum

1348 2932 1667 2996 quorundam
1691 2933 1873 2998 moles,
1896 2950 2009 2985 cum
2034 2936 2140 2986 sola
2163 2936 2413 2986 immensa

1348 3008 1651 3073 magnitudo
1668 3010 1737 3059 sit
1753 3003 1972 3062 infini‘toe
1995 3012 2262 3062 varietatis
2284 3010 2414 3077 figu-

1348 3099 1519 3143 rarum
1561 3101 1745 3150 capax.
1812 3087 1866 3137 Si
1913 3088 2145 3152 corporis
2195 3087 2411 3152 figuram

1348 3173 1550 3218 mutare
1574 3166 1719 3228 velis,
1757 3174 2041 3230 transpone
2067 3174 2261 3230 partes,
2283 3175 2415 3231 quot

1348 3249 1470 3291 sunt
1491 3241 1711 3291 diversae
1738 3243 2023 3306 positiones
2045 3249 2124 3293 tot
2147 3245 2303 3292 e‘runt
2338 3244 2414 3292 di·

1352 3334 1518 3371 versae
1541 3318 1757 3385 figurae3
1796 3320 1932 3370 idem
1954 3322 2004 3371 in
2025 3321 2218 3370 semine
2233 3334 2415 3386 aggre-

1353 3397 1496 3458 dere,
1519 3396 1755 3447 omnibus
1778 3396 1941 3446 modis
1971 3403 2169 3460 partes,
2203 3410 2320 3462 quse
2360 3397 2414 3445 in

1350 3475 1439 3525 illo
1463 3475 1668 3539 concipi
1701 3483 1937 3539 possunt,
1970 3489 2122 3525 versa
2155 3481 2212 3525 et
2244 3482 2412 3525 trans-

1351 3566 1507 3617 pone,
1551 3560 1605 3601 et
1649 3551 1848 3602 finitam
1894 3559 2093 3602 tantum
2131 3552 2413 3617 figurarum

1350 3632 1656 3681 varietatem
1709 3632 1760 3681 in
1814 3632 2017 3682 tantillo
2064 3645 2285 3696 corpore
2328 3647 2415 3696 ag·
2467 3669 2472 3674 .

1349 3721 1551 3757 nosces.
1619 3708 1877 3772 Epicurus
1934 3707 2130 3772 docuit,
2186 3705 2300 3757 εῖναι
2352 3708 2418 3759 τὰ

1349 3783 1578 3845 σχήματα
1610 3786 1707 3834 τῶν
1738 3783 1921 3844 ἀτόμων
1962 3782 2277 3848 ἀπερίληπτα,
2332 3785 2418 3835 οὔκ

1350 3860 1533 3925 ἄπειρα.
1582 3861 1895 3912 Plutarchus
1919 3862 1985 3912 de
2009 3862 2196 3914 Placit.
2216 3861 2351 3912 Phil.
2378 3862 2416 3912 l.

1352 3941 1397 3988 1.
1444 3938 1508 3987 C.
1554 3941 1603 3989 3.
1666 3937 1855 4000 'Artium
1891 3940 1999 3990 ταῖς
2040 3941 2281 4004 διαφοραῖς
2325 3938 2420 4001 οὐχ

1351 4013 1513 4067 ἁπλῶς
1543 4014 1720 4081 ἄπειροί
1755 4014 1888 4078 εἶσιν,
1927 4016 2059 4067 ἀλλὰ
2088 4015 2231 4078 μόνον
2265 4016 2420 4081 ἀπερί-

1351 4102 1547 4155 ληπτοι,
1573 4091 1631 4142 εἴ·
1645 4093 1712 4155 μὴ
1743 4092 1911 4155 μέλλει
1941 4112 2014 4144 τις
2045 4093 2125 4143 καὶ
2154 4095 2257 4143 τοῖς
2276 4092 2417 4154 perb-

1352 4175 1482 4222 θεσιν
1502 4169 1664 4222 ἅπλῶς
1680 4170 1744 4221 εἷς
1760 4170 1949 4237 ἄπειρον
1970 4171 2114 4223 αὐτὰς
2145 4171 2420 4235 ἐκβάλλειν,

1352 4248 1435 4298 ὅτε
1464 4249 1517 4298 ἐν
1543 4251 1611 4311 τῷ·
1642 4247 1876 4314 ὡρισμένῳ
1894 4247 2077 4311 μεγέθει
2107 4248 2294 4312 ἀπείρου
2267 4265 2316 4298 vs
2351 4248 2421 4296 ἐν·

1353 4326 1476 4375 νοεῖν
1506 4325 1727 4389 διαφορὰς
1749 4322 1990 4373 ἀδύνατον.
2060 4325 2316 4387 Epicurus
2352 4322 2420 4372 ad

1356 4401 1560 4452 Herod.
1628 4400 1712 4450 lta
1747 4406 1891 4451 recte
1925 4402 2052 4465 legit
2091 4401 2420 4451 Gassendus.
