<?xml version="1.0" encoding="UTF-8"?>
<!DOCTYPE html PUBLIC "-//W3C//DTD XHTML 1.0 Transitional//EN"
    "http://www.w3.org/TR/xhtml1/DTD/xhtml1-transitional.dtd">
<html xmlns="http://www.w3.org/1999/xhtml" xml:lang="en" lang="en">
 <head>
  <title>
</title>
<meta http-equiv="Content-Type" content="text/html;charset=utf-8" />
  <meta name='ocr-system' content='tesseract 3.04.00' />
  <meta name='ocr-capabilities' content='ocr_page ocr_carea ocr_par ocr_line ocrx_word'/>
</head>
<body>
  <div class='ocr_page' id='page_1' title='image "./dererumnaturali01unkngoog_0328.png"; bbox 0 0 3009 4925; ppageno 0'>
   <div class='ocr_carea' id='block_1_1' title="bbox 548 402 679 469">
    <p class='ocr_par' dir='ltr' id='par_1_1' title="bbox 548 402 679 469">
     <span class='ocr_line' id='line_1_1' title="bbox 548 402 679 469; baseline 0 0"><span class='ocrx_word' id='word_1_1' title='bbox 548 402 679 469; x_wconf 81' lang='lat'>890</span> 
     </span>
    </p>
   </div>
   <div class='ocr_carea' id='block_1_2' title="bbox 526 562 1607 4397">
    <p class='ocr_par' dir='ltr' id='par_1_2' title="bbox 546 562 1607 1002">
     <span class='ocr_line' id='line_1_2' title="bbox 547 562 1607 629; baseline -0.002 -16"><span class='ocrx_word' id='word_1_2' title='bbox 547 562 908 626; x_wconf 87' lang='lat' dir='ltr'>animantibus,</span> <span class='ocrx_word' id='word_1_3' title='bbox 955 567 1014 613; x_wconf 92' lang='lat' dir='ltr'>et</span> <span class='ocrx_word' id='word_1_4' title='bbox 1083 563 1235 613; x_wconf 84' lang='lat' dir='ltr'>avide</span> <span class='ocrx_word' id='word_1_5' title='bbox 1296 570 1453 629; x_wconf 82' lang='lat' dir='ltr'>atque</span> <span class='ocrx_word' id='word_1_6' title='bbox 1516 576 1607 612; x_wconf 90' lang='lat' dir='ltr'>ore</span> 
     </span>
     <span class='ocr_line' id='line_1_3' title="bbox 548 639 1606 705; baseline -0.001 -15"><span class='ocrx_word' id='word_1_7' title='bbox 548 649 731 704; x_wconf 88' lang='lat' dir='ltr'>aperto</span> <span class='ocrx_word' id='word_1_8' title='bbox 744 639 914 690; x_wconf 90' lang='lat' dir='ltr'>cibum</span> <span class='ocrx_word' id='word_1_9' title='bbox 929 639 1313 704; x_wconf 74' lang='lat' dir='ltr'>appetentibus.</span> <span class='ocrx_word' id='word_1_10' title='bbox 1332 641 1606 705; x_wconf 78' lang='lat' dir='ltr'>Virg.AEn.</span> 
     </span>
     <span class='ocr_line' id='line_1_4' title="bbox 547 718 1605 782; baseline 0.001 -14"><span class='ocrx_word' id='word_1_11' title='bbox 547 723 596 769; x_wconf 99' lang='grc'><strong>7.</strong></span> <span class='ocrx_word' id='word_1_12' title='bbox 620 722 735 767; x_wconf 75' lang='grc'><strong>813.</strong></span> <span class='ocrx_word' id='word_1_13' title='bbox 803 718 820 745; x_wconf 82' lang='lat'><em>⁴</em></span> <span class='ocrx_word' id='word_1_14' title='bbox 847 719 914 767; x_wconf 88' lang='lat' dir='ltr'>Et</span> <span class='ocrx_word' id='word_1_15' title='bbox 948 724 1252 782; x_wconf 82' lang='lat' dir='ltr'>prospectat</span> <span class='ocrx_word' id='word_1_16' title='bbox 1275 723 1484 768; x_wconf 86' lang='lat' dir='ltr'>euntem</span> <span class='ocrx_word' id='word_1_17' title='bbox 1510 719 1605 769; x_wconf 82' lang='lat' dir='ltr'>At-</span> 
     </span>
     <span class='ocr_line' id='line_1_5' title="bbox 549 795 1604 849; baseline 0.004 -4"><span class='ocrx_word' id='word_1_18' title='bbox 549 795 731 845; x_wconf 86' lang='lat' dir='ltr'>tonitis</span> <span class='ocrx_word' id='word_1_19' title='bbox 768 795 962 844; x_wconf 88' lang='lat' dir='ltr'>inhians</span> <span class='ocrx_word' id='word_1_20' title='bbox 1003 795 1218 846; x_wconf 85' lang='lat' dir='ltr'>animis.&#39;</span> <span class='ocrx_word' id='word_1_21' title='bbox 1271 796 1443 846; x_wconf 87' lang='lat' dir='ltr'>Plaut.</span> <span class='ocrx_word' id='word_1_22' title='bbox 1482 796 1604 849; x_wconf 79' lang='lat' dir='ltr'>Aut.</span> 
     </span>
     <span class='ocr_line' id='line_1_6' title="bbox 547 870 1606 923; baseline 0.002 -2"><span class='ocrx_word' id='word_1_23' title='bbox 547 876 599 921; x_wconf 74' lang='lat'>2.</span> <span class='ocrx_word' id='word_1_24' title='bbox 621 876 670 921; x_wconf 75' lang='lat'>2.</span> <span class='ocrx_word' id='word_1_25' title='bbox 693 874 777 922; x_wconf 77' lang='lat'>89.</span> <span class='ocrx_word' id='word_1_26' title='bbox 843 870 1052 921; x_wconf 87' lang='lat' dir='ltr'>‘Credo</span> <span class='ocrx_word' id='word_1_27' title='bbox 1093 872 1235 922; x_wconf 91' lang='lat' dir='ltr'>illum</span> <span class='ocrx_word' id='word_1_28' title='bbox 1273 872 1482 923; x_wconf 84' lang='lat' dir='ltr'>audisse</span> <span class='ocrx_word' id='word_1_29' title='bbox 1523 886 1606 923; x_wconf 88' lang='lat' dir='ltr'>me</span> 
     </span>
     <span class='ocr_line' id='line_1_7' title="bbox 546 948 1607 1002; baseline 0.003 -3"><span class='ocrx_word' id='word_1_30' title='bbox 546 949 744 1000; x_wconf 89' lang='lat' dir='ltr'>habere</span> <span class='ocrx_word' id='word_1_31' title='bbox 778 949 1070 1000; x_wconf 86' lang='lat' dir='ltr'>thesaurum</span> <span class='ocrx_word' id='word_1_32' title='bbox 1111 948 1278 1000; x_wconf 83' lang='lat' dir='ltr'>domi=</span> <span class='ocrx_word' id='word_1_33' title='bbox 1320 950 1375 1001; x_wconf 93' lang='lat' dir='ltr'>id</span> <span class='ocrx_word' id='word_1_34' title='bbox 1407 950 1607 1002; x_wconf 60' lang='lat' dir='ltr'>inhiat?</span> 
     </span>
    </p>

    <p class='ocr_par' dir='ltr' id='par_1_3' title="bbox 543 1100 1604 1538">
     <span class='ocr_line' id='line_1_8' title="bbox 619 1100 1603 1168; baseline 0.002 -16"><span class='ocrx_word' id='word_1_35' title='bbox 619 1100 785 1165; x_wconf 71' lang='lat' dir='ltr'>Visus]</span> <span class='ocrx_word' id='word_1_36' title='bbox 826 1101 1021 1153; x_wconf 86' lang='lat' dir='ltr'>Oculos</span> <span class='ocrx_word' id='word_1_37' title='bbox 1075 1103 1280 1153; x_wconf 82' lang='lat' dir='ltr'>videndi</span> <span class='ocrx_word' id='word_1_38' title='bbox 1326 1103 1603 1168; x_wconf 89' lang='lat' dir='ltr'>cupidissi-</span> 
     </span>
     <span class='ocr_line' id='line_1_9' title="bbox 545 1180 1604 1243; baseline 0.001 -14"><span class='ocrx_word' id='word_1_39' title='bbox 545 1193 674 1242; x_wconf 87' lang='lat' dir='ltr'>mos,</span> <span class='ocrx_word' id='word_1_40' title='bbox 707 1193 925 1243; x_wconf 84' lang='lat' dir='ltr'>quornm</span> <span class='ocrx_word' id='word_1_41' title='bbox 964 1186 1047 1230; x_wconf 86' lang='lat' dir='ltr'>est</span> <span class='ocrx_word' id='word_1_42' title='bbox 1082 1180 1136 1229; x_wconf 89' lang='lat' dir='ltr'>in</span> <span class='ocrx_word' id='word_1_43' title='bbox 1170 1194 1346 1230; x_wconf 84' lang='lat' dir='ltr'>amore</span> <span class='ocrx_word' id='word_1_44' title='bbox 1370 1180 1604 1231; x_wconf 85' lang='lat' dir='ltr'>dulcissi-</span> 
     </span>
     <span class='ocr_line' id='line_1_10' title="bbox 545 1255 1604 1319; baseline 0 -14"><span class='ocrx_word' id='word_1_45' title='bbox 545 1269 683 1305; x_wconf 88' lang='lat' dir='ltr'>mum</span> <span class='ocrx_word' id='word_1_46' title='bbox 711 1255 954 1318; x_wconf 88' lang='lat' dir='ltr'>pabulum</span> <span class='ocrx_word' id='word_1_47' title='bbox 985 1255 1067 1305; x_wconf 81' lang='lat' dir='ltr'>vel</span> <span class='ocrx_word' id='word_1_48' title='bbox 1091 1262 1302 1307; x_wconf 88' lang='lat' dir='ltr'>auctore</span> <span class='ocrx_word' id='word_1_49' title='bbox 1322 1256 1604 1319; x_wconf 81' lang='lat' dir='ltr'>Propertio</span> 
     </span>
     <span class='ocr_line' id='line_1_11' title="bbox 544 1330 1603 1396; baseline -0.003 -13"><span class='ocrx_word' id='word_1_50' title='bbox 544 1337 594 1383; x_wconf 78' lang='lat'>2.</span> <span class='ocrx_word' id='word_1_51' title='bbox 623 1336 701 1382; x_wconf 74' lang='grc'><strong>12.</strong></span> <span class='ocrx_word' id='word_1_52' title='bbox 727 1336 806 1381; x_wconf 89' lang='lat' dir='ltr'>ll.</span> <span class='ocrx_word' id='word_1_53' title='bbox 871 1332 888 1358; x_wconf 87' lang='lat'>‘</span> <span class='ocrx_word' id='word_1_54' title='bbox 912 1330 1050 1383; x_wconf 83' lang='lat' dir='ltr'><strong>Quid</strong></span> <span class='ocrx_word' id='word_1_55' title='bbox 1076 1331 1229 1396; x_wconf 78' lang='lat' dir='ltr'>juvat</span> <span class='ocrx_word' id='word_1_56' title='bbox 1251 1332 1303 1380; x_wconf 91' lang='lat' dir='ltr'>in</span> <span class='ocrx_word' id='word_1_57' title='bbox 1340 1345 1484 1381; x_wconf 77' lang='lat' dir='ltr'>coeco</span> <span class='ocrx_word' id='word_1_58' title='bbox 1502 1332 1603 1380; x_wconf 87' lang='lat' dir='ltr'>Ve-</span> 
     </span>
     <span class='ocr_line' id='line_1_12' title="bbox 543 1408 1604 1474; baseline -0.002 -15"><span class='ocrx_word' id='word_1_59' title='bbox 543 1422 722 1460; x_wconf 81' lang='lat' dir='ltr'>nerem</span> <span class='ocrx_word' id='word_1_60' title='bbox 744 1422 1075 1474; x_wconf 86' lang='lat' dir='ltr'>corrnmpere</span> <span class='ocrx_word' id='word_1_61' title='bbox 1096 1410 1274 1460; x_wconf 77' lang='lat' dir='ltr'>motu?</span> <span class='ocrx_word' id='word_1_62' title='bbox 1326 1408 1379 1458; x_wconf 84' lang='lat' dir='ltr'>Si</span> <span class='ocrx_word' id='word_1_63' title='bbox 1415 1408 1604 1474; x_wconf 81' lang='lat' dir='ltr'>nescis,</span> 
     </span>
     <span class='ocr_line' id='line_1_13' title="bbox 544 1484 1497 1538; baseline -0.004 0"><span class='ocrx_word' id='word_1_64' title='bbox 544 1486 683 1538; x_wconf 89' lang='lat' dir='ltr'>oculi</span> <span class='ocrx_word' id='word_1_65' title='bbox 703 1492 823 1536; x_wconf 87' lang='lat' dir='ltr'>sunt</span> <span class='ocrx_word' id='word_1_66' title='bbox 844 1487 897 1536; x_wconf 91' lang='lat' dir='ltr'>in</span> <span class='ocrx_word' id='word_1_67' title='bbox 922 1499 1095 1536; x_wconf 86' lang='lat' dir='ltr'>amore</span> <span class='ocrx_word' id='word_1_68' title='bbox 1117 1484 1316 1537; x_wconf 85' lang='lat' dir='ltr'>duces.&#39;</span> <span class='ocrx_word' id='word_1_69' title='bbox 1352 1485 1497 1535; x_wconf 76' lang='lat' dir='ltr'>Pius.</span> 
     </span>
    </p>

    <p class='ocr_par' dir='ltr' id='par_1_4' title="bbox 539 1562 1606 2704">
     <span class='ocr_line' id='line_1_14' title="bbox 608 1562 1606 1627; baseline 0 -16"><span class='ocrx_word' id='word_1_70' title='bbox 608 1565 673 1613; x_wconf 75' lang='lat'>88</span> <span class='ocrx_word' id='word_1_71' title='bbox 723 1563 856 1626; x_wconf 71' lang='lat' dir='ltr'>Eque</span> <span class='ocrx_word' id='word_1_72' title='bbox 897 1568 980 1613; x_wconf 74' lang='lat' dir='ltr'>tuo</span> <span class='ocrx_word' id='word_1_73' title='bbox 1019 1564 1192 1627; x_wconf 75' lang='lat' dir='ltr'>pendet</span> <span class='ocrx_word' id='word_1_74' title='bbox 1232 1562 1467 1626; x_wconf 68' lang='lat' dir='ltr'>resupini]</span> <span class='ocrx_word' id='word_1_75' title='bbox 1521 1562 1606 1611; x_wconf 85' lang='lat' dir='ltr'>Ita</span> 
     </span>
     <span class='ocr_line' id='line_1_15' title="bbox 543 1636 1605 1704; baseline -0.003 -14"><span class='ocrx_word' id='word_1_76' title='bbox 543 1653 738 1704; x_wconf 84' lang='lat' dir='ltr'>presse,</span> <span class='ocrx_word' id='word_1_77' title='bbox 760 1640 833 1690; x_wconf 87' lang='lat' dir='ltr'>ita</span> <span class='ocrx_word' id='word_1_78' title='bbox 854 1640 1180 1703; x_wconf 86' lang='lat' dir='ltr'>coherenter,</span> <span class='ocrx_word' id='word_1_79' title='bbox 1204 1645 1277 1700; x_wconf 84' lang='lat' dir='ltr'>et,</span> <span class='ocrx_word' id='word_1_80' title='bbox 1299 1645 1358 1688; x_wconf 88' lang='lat' dir='ltr'>ut</span> <span class='ocrx_word' id='word_1_81' title='bbox 1390 1636 1605 1701; x_wconf 88' lang='lat' dir='ltr'>dicitur,</span> 
     </span>
     <span class='ocr_line' id='line_1_16' title="bbox 542 1715 1604 1780; baseline -0.001 -15"><span class='ocrx_word' id='word_1_82' title='bbox 542 1715 896 1779; x_wconf 87' lang='lat' dir='ltr'>columbatim,</span> <span class='ocrx_word' id='word_1_83' title='bbox 941 1716 1087 1766; x_wconf 88' lang='lat' dir='ltr'>labra</span> <span class='ocrx_word' id='word_1_84' title='bbox 1132 1715 1285 1766; x_wconf 89' lang='lat' dir='ltr'>labris</span> <span class='ocrx_word' id='word_1_85' title='bbox 1316 1715 1495 1780; x_wconf 79' lang='lat' dir='ltr'>junxit</span> <span class='ocrx_word' id='word_1_86' title='bbox 1547 1720 1604 1764; x_wconf 89' lang='lat' dir='ltr'>et</span> 
     </span>
     <span class='ocr_line' id='line_1_17' title="bbox 541 1790 1603 1857; baseline 0 -17"><span class='ocrx_word' id='word_1_87' title='bbox 541 1790 807 1856; x_wconf 73' lang='lat' dir='ltr'>impressit</span> <span class='ocrx_word' id='word_1_88' title='bbox 828 1792 1058 1857; x_wconf 80' lang='lat' dir='ltr'>Mavors,</span> <span class='ocrx_word' id='word_1_89' title='bbox 1093 1797 1151 1841; x_wconf 92' lang='lat' dir='ltr'>ut</span> <span class='ocrx_word' id='word_1_90' title='bbox 1185 1791 1400 1856; x_wconf 79' lang='lat' dir='ltr'>spiritns</span> <span class='ocrx_word' id='word_1_91' title='bbox 1439 1791 1603 1840; x_wconf 90' lang='lat' dir='ltr'>omnis</span> 
     </span>
     <span class='ocr_line' id='line_1_18' title="bbox 542 1866 1600 1933; baseline 0.001 -17"><span class='ocrx_word' id='word_1_92' title='bbox 542 1866 678 1916; x_wconf 89' lang='lat' dir='ltr'>illins</span> <span class='ocrx_word' id='word_1_93' title='bbox 719 1866 948 1931; x_wconf 80' lang='lat' dir='ltr'>pendeat</span> <span class='ocrx_word' id='word_1_94' title='bbox 984 1881 1049 1917; x_wconf 84' lang='lat' dir='ltr'>ex</span> <span class='ocrx_word' id='word_1_95' title='bbox 1094 1882 1186 1918; x_wconf 91' lang='lat' dir='ltr'>ore</span> <span class='ocrx_word' id='word_1_96' title='bbox 1221 1875 1331 1930; x_wconf 90' lang='lat' dir='ltr'>tuo,</span> <span class='ocrx_word' id='word_1_97' title='bbox 1368 1868 1420 1918; x_wconf 88' lang='lat' dir='ltr'>in</span> <span class='ocrx_word' id='word_1_98' title='bbox 1461 1867 1600 1933; x_wconf 91' lang='lat' dir='ltr'>quod</span> 
     </span>
     <span class='ocr_line' id='line_1_19' title="bbox 544 1943 1604 2008; baseline 0.001 -16"><span class='ocrx_word' id='word_1_99' title='bbox 544 1957 745 1993; x_wconf 89' lang='lat' dir='ltr'>omnem</span> <span class='ocrx_word' id='word_1_100' title='bbox 786 1943 1023 2008; x_wconf 85' lang='lat' dir='ltr'>spiritum</span> <span class='ocrx_word' id='word_1_101' title='bbox 1066 1943 1364 1994; x_wconf 76' lang='lat' dir='ltr'>insinuavit.</span> <span class='ocrx_word' id='word_1_102' title='bbox 1427 1945 1517 1994; x_wconf 86' lang='lat' dir='ltr'>Sic</span> <span class='ocrx_word' id='word_1_103' title='bbox 1550 1951 1604 1993; x_wconf 79' lang='lat' dir='ltr'>et</span> 
     </span>
     <span class='ocr_line' id='line_1_20' title="bbox 540 2019 1602 2084; baseline 0.002 -15"><span class='ocrx_word' id='word_1_104' title='bbox 540 2020 730 2070; x_wconf 86' lang='lat' dir='ltr'>Plato:</span> <span class='ocrx_word' id='word_1_105' title='bbox 777 2020 966 2069; x_wconf 82' lang='lat' dir='ltr'>‘Savia</span> <span class='ocrx_word' id='word_1_106' title='bbox 1011 2019 1139 2071; x_wconf 87' lang='lat' dir='ltr'>daus</span> <span class='ocrx_word' id='word_1_107' title='bbox 1176 2020 1457 2084; x_wconf 80' lang='lat' dir='ltr'>Agathoni,</span> <span class='ocrx_word' id='word_1_108' title='bbox 1492 2021 1602 2071; x_wconf 87' lang='lat' dir='ltr'>ani-</span> 
     </span>
     <span class='ocr_line' id='line_1_21' title="bbox 539 2097 1604 2164; baseline 0.002 -17"><span class='ocrx_word' id='word_1_109' title='bbox 539 2112 674 2147; x_wconf 89' lang='lat' dir='ltr'>mam</span> <span class='ocrx_word' id='word_1_110' title='bbox 715 2097 770 2147; x_wconf 92' lang='lat' dir='ltr'>in</span> <span class='ocrx_word' id='word_1_111' title='bbox 805 2113 900 2147; x_wconf 88' lang='lat' dir='ltr'>sua</span> <span class='ocrx_word' id='word_1_112' title='bbox 935 2098 1079 2148; x_wconf 84' lang='lat' dir='ltr'>labra</span> <span class='ocrx_word' id='word_1_113' title='bbox 1116 2098 1396 2149; x_wconf 75' lang='lat' dir='ltr'>tenebam:</span> <span class='ocrx_word' id='word_1_114' title='bbox 1443 2099 1604 2164; x_wconf 75' lang='lat' dir='ltr'>AEgra</span> 
     </span>
     <span class='ocr_line' id='line_1_22' title="bbox 540 2173 1603 2240; baseline 0.002 -17"><span class='ocrx_word' id='word_1_115' title='bbox 540 2173 732 2224; x_wconf 83' lang='lat' dir='ltr'>etenim</span> <span class='ocrx_word' id='word_1_116' title='bbox 775 2188 1064 2239; x_wconf 85' lang='lat' dir='ltr'>properans</span> <span class='ocrx_word' id='word_1_117' title='bbox 1107 2182 1350 2240; x_wconf 85' lang='lat' dir='ltr'>tanquam</span> <span class='ocrx_word' id='word_1_118' title='bbox 1396 2176 1603 2226; x_wconf 88' lang='lat' dir='ltr'>abitura</span> 
     </span>
     <span class='ocr_line' id='line_1_23' title="bbox 540 2248 1605 2316; baseline 0.005 -17"><span class='ocrx_word' id='word_1_119' title='bbox 540 2248 676 2300; x_wconf 76' lang='lat' dir='ltr'>fuit-³</span> <span class='ocrx_word' id='word_1_120' title='bbox 761 2250 1084 2316; x_wconf 78' lang='lat' dir='ltr'>conjungere</span> <span class='ocrx_word' id='word_1_121' title='bbox 1141 2253 1288 2302; x_wconf 84' lang='lat' dir='ltr'>labra</span> <span class='ocrx_word' id='word_1_122' title='bbox 1335 2253 1605 2304; x_wconf 82' lang='lat' dir='ltr'>lasciviter</span> 
     </span>
     <span class='ocr_line' id='line_1_24' title="bbox 541 2324 1600 2381; baseline 0.004 -5"><span class='ocrx_word' id='word_1_123' title='bbox 541 2325 761 2377; x_wconf 83' lang='lat' dir='ltr'>Plautus</span> <span class='ocrx_word' id='word_1_124' title='bbox 792 2324 1236 2379; x_wconf 83' lang='lat' dir='ltr'>conferrumiuare</span> <span class='ocrx_word' id='word_1_125' title='bbox 1266 2328 1432 2379; x_wconf 82' lang='lat' dir='ltr'>dixit:</span> <span class='ocrx_word' id='word_1_126' title='bbox 1469 2332 1600 2381; x_wconf 87' lang='lat' dir='ltr'>anti-</span> 
     </span>
     <span class='ocr_line' id='line_1_25' title="bbox 541 2405 1600 2471; baseline 0.006 -17"><span class='ocrx_word' id='word_1_127' title='bbox 541 2405 628 2471; x_wconf 90' lang='lat' dir='ltr'>qui</span> <span class='ocrx_word' id='word_1_128' title='bbox 653 2405 897 2471; x_wconf 72' lang='lat' dir='ltr'>graphice</span> <span class='ocrx_word' id='word_1_129' title='bbox 928 2408 1284 2460; x_wconf 85' lang='lat' dir='ltr'>collabellare.</span> <span class='ocrx_word' id='word_1_130' title='bbox 1351 2407 1416 2458; x_wconf 83' lang='lat' dir='ltr'>ln</span> <span class='ocrx_word' id='word_1_131' title='bbox 1452 2408 1600 2460; x_wconf 84' lang='lat' dir='ltr'>Asin.</span> 
     </span>
     <span class='ocr_line' id='line_1_26' title="bbox 539 2483 1601 2548; baseline 0.003 -15"><span class='ocrx_word' id='word_1_132' title='bbox 539 2483 715 2534; x_wconf 83' lang='lat' dir='ltr'>Plaut.</span> <span class='ocrx_word' id='word_1_133' title='bbox 752 2483 925 2548; x_wconf 89' lang='lat' dir='ltr'>lepide</span> <span class='ocrx_word' id='word_1_134' title='bbox 964 2490 1015 2536; x_wconf 73' lang='lat'>8.</span> <span class='ocrx_word' id='word_1_135' title='bbox 1059 2489 1108 2536; x_wconf 72' lang='lat'>8.</span> <span class='ocrx_word' id='word_1_136' title='bbox 1150 2490 1259 2537; x_wconf 81' lang='lat'>105.</span> <span class='ocrx_word' id='word_1_137' title='bbox 1328 2487 1344 2514; x_wconf 90' lang='lat'>‘</span> <span class='ocrx_word' id='word_1_138' title='bbox 1369 2487 1474 2537; x_wconf 86' lang='lat' dir='ltr'>Fac</span> <span class='ocrx_word' id='word_1_139' title='bbox 1519 2501 1601 2536; x_wconf 88' lang='lat' dir='ltr'>me</span> 
     </span>
     <span class='ocr_line' id='line_1_27' title="bbox 539 2563 1599 2629; baseline 0.005 -18"><span class='ocrx_word' id='word_1_140' title='bbox 539 2569 929 2626; x_wconf 81' lang='lat' dir='ltr'>proserpentem</span> <span class='ocrx_word' id='word_1_141' title='bbox 964 2563 1206 2628; x_wconf 87' lang='lat' dir='ltr'>bestiam,</span> <span class='ocrx_word' id='word_1_142' title='bbox 1240 2572 1298 2615; x_wconf 89' lang='lat' dir='ltr'>ut</span> <span class='ocrx_word' id='word_1_143' title='bbox 1337 2564 1599 2629; x_wconf 82' lang='lat' dir='ltr'>duplicem</span> 
     </span>
     <span class='ocr_line' id='line_1_28' title="bbox 539 2638 1213 2704; baseline 0.006 -16"><span class='ocrx_word' id='word_1_144' title='bbox 539 2638 749 2689; x_wconf 83' lang='lat' dir='ltr'>habeam</span> <span class='ocrx_word' id='word_1_145' title='bbox 774 2640 1036 2704; x_wconf 80' lang='lat' dir='ltr'>lingnam.&#39;</span> <span class='ocrx_word' id='word_1_146' title='bbox 1070 2641 1213 2692; x_wconf 74' lang='lat' dir='ltr'>Pius.</span> 
     </span>
    </p>

    <p class='ocr_par' dir='ltr' id='par_1_5' title="bbox 526 2715 1599 4397">
     <span class='ocr_line' id='line_1_29' title="bbox 603 2715 1597 2780; baseline 0.004 -16"><span class='ocrx_word' id='word_1_147' title='bbox 603 2715 846 2780; x_wconf 73' lang='lat' dir='ltr'>Spiritus]</span> <span class='ocrx_word' id='word_1_148' title='bbox 888 2716 1095 2780; x_wconf 85' lang='lat' dir='ltr'>Anima,</span> <span class='ocrx_word' id='word_1_149' title='bbox 1118 2716 1397 2770; x_wconf 89' lang='lat' dir='ltr'>anhelatio.</span> <span class='ocrx_word' id='word_1_150' title='bbox 1425 2718 1597 2771; x_wconf 85' lang='lat' dir='ltr'>Tibul-</span> 
     </span>
     <span class='ocr_line' id='line_1_30' title="bbox 537 2794 1599 2845; baseline 0.002 -2"><span class='ocrx_word' id='word_1_151' title='bbox 537 2795 639 2843; x_wconf 89' lang='lat' dir='ltr'>lus.</span> <span class='ocrx_word' id='word_1_152' title='bbox 678 2796 727 2842; x_wconf 91' lang='lat'>1.</span> <span class='ocrx_word' id='word_1_153' title='bbox 758 2798 811 2843; x_wconf 73' lang='lat'>9.</span> <span class='ocrx_word' id='word_1_154' title='bbox 853 2797 936 2844; x_wconf 72' lang='lat'>8⁷.</span> <span class='ocrx_word' id='word_1_155' title='bbox 999 2797 1015 2821; x_wconf 85' lang='lat'>‘</span> <span class='ocrx_word' id='word_1_156' title='bbox 1041 2796 1110 2843; x_wconf 89' lang='lat' dir='ltr'>Et</span> <span class='ocrx_word' id='word_1_157' title='bbox 1151 2794 1277 2844; x_wconf 88' lang='lat' dir='ltr'>dare</span> <span class='ocrx_word' id='word_1_158' title='bbox 1317 2794 1599 2845; x_wconf 83' lang='lat' dir='ltr'>anhelatim</span> 
     </span>
     <span class='ocr_line' id='line_1_31' title="bbox 538 2868 1599 2935; baseline 0.001 -16"><span class='ocrx_word' id='word_1_159' title='bbox 538 2868 896 2934; x_wconf 66' lang='lat' dir='ltr'>spumantibus</span> <span class='ocrx_word' id='word_1_160' title='bbox 916 2868 1124 2918; x_wconf 86' lang='lat' dir='ltr'>humida</span> <span class='ocrx_word' id='word_1_161' title='bbox 1153 2871 1343 2935; x_wconf 80' lang='lat' dir='ltr'>linguis</span> <span class='ocrx_word' id='word_1_162' title='bbox 1366 2870 1599 2921; x_wconf 70' lang='lat' dir='ltr'>Oscula.⁹</span> 
     </span>
     <span class='ocr_line' id='line_1_32' title="bbox 537 2948 1597 3013; baseline 0 -15"><span class='ocrx_word' id='word_1_163' title='bbox 537 2949 794 3012; x_wconf 72' lang='lat' dir='ltr'>Resupini,</span> <span class='ocrx_word' id='word_1_164' title='bbox 817 2950 1239 3013; x_wconf 79' lang='lat' dir='ltr'>i.e.resupinati,</span> <span class='ocrx_word' id='word_1_165' title='bbox 1272 2948 1511 2999; x_wconf 88' lang='lat' dir='ltr'>reclinati</span> <span class='ocrx_word' id='word_1_166' title='bbox 1545 2949 1597 2998; x_wconf 92' lang='lat' dir='ltr'>iu</span> 
     </span>
     <span class='ocr_line' id='line_1_33' title="bbox 538 3023 1596 3088; baseline -0.001 -15"><span class='ocrx_word' id='word_1_167' title='bbox 538 3024 787 3088; x_wconf 72' lang='lat' dir='ltr'>gremium</span> <span class='ocrx_word' id='word_1_168' title='bbox 806 3023 1105 3074; x_wconf 78' lang='lat' dir='ltr'>Venerium.</span> <span class='ocrx_word' id='word_1_169' title='bbox 1173 3023 1235 3074; x_wconf 86' lang='lat' dir='ltr'>ln</span> <span class='ocrx_word' id='word_1_170' title='bbox 1262 3024 1366 3074; x_wconf 87' lang='lat' dir='ltr'>alia</span> <span class='ocrx_word' id='word_1_171' title='bbox 1401 3023 1596 3088; x_wconf 67' lang='lat' dir='ltr'>siguifi-</span> 
     </span>
     <span class='ocr_line' id='line_1_34' title="bbox 536 3099 1596 3165; baseline -0.001 -15"><span class='ocrx_word' id='word_1_172' title='bbox 536 3099 709 3157; x_wconf 78' lang='lat' dir='ltr'>cantia</span> <span class='ocrx_word' id='word_1_173' title='bbox 731 3101 1030 3165; x_wconf 88' lang='lat' dir='ltr'>resupinare</span> <span class='ocrx_word' id='word_1_174' title='bbox 1048 3107 1131 3151; x_wconf 87' lang='lat' dir='ltr'>est</span> <span class='ocrx_word' id='word_1_175' title='bbox 1147 3101 1213 3151; x_wconf 89' lang='lat' dir='ltr'>ab</span> <span class='ocrx_word' id='word_1_176' title='bbox 1232 3101 1460 3165; x_wconf 82' lang='lat' dir='ltr'>incoepto</span> <span class='ocrx_word' id='word_1_177' title='bbox 1479 3115 1596 3165; x_wconf 86' lang='lat' dir='ltr'>per-</span> 
     </span>
     <span class='ocr_line' id='line_1_35' title="bbox 536 3175 1596 3243; baseline -0.001 -16"><span class='ocrx_word' id='word_1_178' title='bbox 536 3185 761 3242; x_wconf 78' lang='lat' dir='ltr'>vertere,</span> <span class='ocrx_word' id='word_1_179' title='bbox 791 3175 1132 3240; x_wconf 82' lang='lat' dir='ltr'>coufundere,</span> <span class='ocrx_word' id='word_1_180' title='bbox 1167 3178 1491 3243; x_wconf 83' lang='lat' dir='ltr'>inquietare:</span> <span class='ocrx_word' id='word_1_181' title='bbox 1544 3178 1596 3226; x_wconf 90' lang='lat' dir='ltr'>in</span> 
     </span>
     <span class='ocr_line' id='line_1_36' title="bbox 533 3258 1595 3325; baseline -0.002 -15"><span class='ocrx_word' id='word_1_182' title='bbox 533 3273 775 3325; x_wconf 64' lang='lat' dir='ltr'>praeceps</span> <span class='ocrx_word' id='word_1_183' title='bbox 798 3259 924 3310; x_wconf 83' lang='lat' dir='ltr'>dare</span> <span class='ocrx_word' id='word_1_184' title='bbox 945 3260 1102 3310; x_wconf 91' lang='lat' dir='ltr'>etiam</span> <span class='ocrx_word' id='word_1_185' title='bbox 1125 3260 1222 3309; x_wconf 90' lang='lat' dir='ltr'>hoc</span> <span class='ocrx_word' id='word_1_186' title='bbox 1245 3258 1462 3310; x_wconf 80' lang='lat' dir='ltr'>verbnm</span> <span class='ocrx_word' id='word_1_187' title='bbox 1493 3258 1595 3323; x_wconf 70' lang='lat' dir='ltr'>sig-</span> 
     </span>
     <span class='ocr_line' id='line_1_37' title="bbox 537 3335 1595 3402; baseline -0.001 -15"><span class='ocrx_word' id='word_1_188' title='bbox 537 3336 751 3387; x_wconf 83' lang='lat' dir='ltr'>uificare</span> <span class='ocrx_word' id='word_1_189' title='bbox 784 3335 1017 3388; x_wconf 74' lang='lat' dir='ltr'>ostendit</span> <span class='ocrx_word' id='word_1_190' title='bbox 1036 3337 1335 3402; x_wconf 78' lang='lat' dir='ltr'>Satyricus:</span> <span class='ocrx_word' id='word_1_191' title='bbox 1372 3336 1595 3387; x_wconf 82' lang='lat' dir='ltr'>‘Aulam</span> 
     </span>
     <span class='ocr_line' id='line_1_38' title="bbox 535 3413 1594 3479; baseline 0 -15"><span class='ocrx_word' id='word_1_192' title='bbox 535 3413 808 3479; x_wconf 84' lang='lat' dir='ltr'>resupinat</span> <span class='ocrx_word' id='word_1_193' title='bbox 831 3413 1022 3466; x_wconf 82' lang='lat' dir='ltr'>amici.’</span> <span class='ocrx_word' id='word_1_194' title='bbox 1044 3414 1354 3479; x_wconf 83' lang='lat' dir='ltr'>Propertius</span> <span class='ocrx_word' id='word_1_195' title='bbox 1374 3418 1426 3464; x_wconf 73' lang='grc'><strong>4.</strong></span> <span class='ocrx_word' id='word_1_196' title='bbox 1443 3419 1492 3465; x_wconf 84' lang='grc'><strong>8.</strong></span> <span class='ocrx_word' id='word_1_197' title='bbox 1510 3419 1594 3465; x_wconf 76' lang='lat' dir='ltr'>ot.</span> 
     </span>
     <span class='ocr_line' id='line_1_39' title="bbox 536 3490 1595 3557; baseline 0 -14"><span class='ocrx_word' id='word_1_198' title='bbox 536 3492 554 3521; x_wconf 87' lang='lat'>‘</span> <span class='ocrx_word' id='word_1_199' title='bbox 575 3493 691 3544; x_wconf 83' lang='lat' dir='ltr'>Nec</span> <span class='ocrx_word' id='word_1_200' title='bbox 714 3506 860 3543; x_wconf 87' lang='lat' dir='ltr'>mora</span> <span class='ocrx_word' id='word_1_201' title='bbox 874 3505 993 3543; x_wconf 90' lang='lat' dir='ltr'>cum</span> <span class='ocrx_word' id='word_1_202' title='bbox 1015 3497 1154 3542; x_wconf 86' lang='lat' dir='ltr'>totas</span> <span class='ocrx_word' id='word_1_203' title='bbox 1170 3490 1440 3556; x_wconf 77' lang='lat' dir='ltr'>resupinat</span> <span class='ocrx_word' id='word_1_204' title='bbox 1456 3493 1595 3557; x_wconf 82' lang='lat' dir='ltr'>Cyn·</span> 
     </span>
     <span class='ocr_line' id='line_1_40' title="bbox 533 3568 1595 3634; baseline 0.001 -16"><span class='ocrx_word' id='word_1_205' title='bbox 533 3568 645 3619; x_wconf 85' lang='lat' dir='ltr'>thia</span> <span class='ocrx_word' id='word_1_206' title='bbox 674 3569 885 3619; x_wconf 68' lang='lat' dir='ltr'>vulvas.⁹</span> <span class='ocrx_word' id='word_1_207' title='bbox 923 3570 1036 3620; x_wconf 79' lang='lat' dir='ltr'>Liv.</span> <span class='ocrx_word' id='word_1_208' title='bbox 1058 3568 1149 3620; x_wconf 88' lang='lat' dir='ltr'>lib.</span> <span class='ocrx_word' id='word_1_209' title='bbox 1171 3573 1221 3619; x_wconf 71' lang='lat'>4.</span> <span class='ocrx_word' id='word_1_210' title='bbox 1264 3570 1280 3598; x_wconf 80' lang='lat'>⁴</span> <span class='ocrx_word' id='word_1_211' title='bbox 1305 3569 1595 3634; x_wconf 75' lang='lat' dir='ltr'>Assurgen·</span> 
     </span>
     <span class='ocr_line' id='line_1_41' title="bbox 535 3645 1595 3710; baseline 0.002 -17"><span class='ocrx_word' id='word_1_212' title='bbox 535 3649 642 3694; x_wconf 84' lang='lat' dir='ltr'>tem</span> <span class='ocrx_word' id='word_1_213' title='bbox 684 3645 755 3695; x_wconf 88' lang='lat' dir='ltr'>ihi</span> <span class='ocrx_word' id='word_1_214' title='bbox 802 3658 975 3709; x_wconf 75' lang='lat' dir='ltr'>regem</span> <span class='ocrx_word' id='word_1_215' title='bbox 1018 3645 1239 3695; x_wconf 87' lang='lat' dir='ltr'>umbone</span> <span class='ocrx_word' id='word_1_216' title='bbox 1291 3647 1595 3710; x_wconf 84' lang='lat' dir='ltr'>resupinat.’</span> 
     </span>
     <span class='ocr_line' id='line_1_42' title="bbox 534 3719 1596 3783; baseline 0.007 -16"><span class='ocrx_word' id='word_1_217' title='bbox 534 3719 673 3770; x_wconf 68' lang='lat' dir='ltr'>Pius.</span> <span class='ocrx_word' id='word_1_218' title='bbox 742 3720 840 3768; x_wconf 88' lang='lat' dir='ltr'>Vel</span> <span class='ocrx_word' id='word_1_219' title='bbox 862 3719 1122 3783; x_wconf 76' lang='lat' dir='ltr'>significat</span> <span class='ocrx_word' id='word_1_220' title='bbox 1143 3735 1199 3771; x_wconf 81' lang='lat' dir='ltr'>os</span> <span class='ocrx_word' id='word_1_221' title='bbox 1220 3720 1318 3783; x_wconf 85' lang='lat' dir='ltr'>ori,</span> <span class='ocrx_word' id='word_1_222' title='bbox 1353 3730 1411 3773; x_wconf 89' lang='lat' dir='ltr'>et</span> <span class='ocrx_word' id='word_1_223' title='bbox 1447 3722 1596 3774; x_wconf 86' lang='lat' dir='ltr'>labra</span> 
     </span>
     <span class='ocr_line' id='line_1_43' title="bbox 533 3794 1594 3860; baseline 0.004 -15"><span class='ocrx_word' id='word_1_224' title='bbox 533 3796 692 3846; x_wconf 89' lang='lat' dir='ltr'>labris</span> <span class='ocrx_word' id='word_1_225' title='bbox 707 3794 880 3858; x_wconf 74' lang='lat' dir='ltr'>affixa,</span> <span class='ocrx_word' id='word_1_226' title='bbox 905 3796 1058 3860; x_wconf 89' lang='lat' dir='ltr'>quale</span> <span class='ocrx_word' id='word_1_227' title='bbox 1076 3803 1157 3846; x_wconf 80' lang='lat' dir='ltr'>est</span> <span class='ocrx_word' id='word_1_228' title='bbox 1177 3796 1304 3845; x_wconf 91' lang='lat' dir='ltr'>illud</span> <span class='ocrx_word' id='word_1_229' title='bbox 1325 3797 1522 3847; x_wconf 83' lang='lat' dir='ltr'>Tibulii</span> <span class='ocrx_word' id='word_1_230' title='bbox 1550 3804 1594 3849; x_wconf 87' lang='lat'>1.</span> 
     </span>
     <span class='ocr_line' id='line_1_44' title="bbox 532 3870 1596 3936; baseline 0 -13"><span class='ocrx_word' id='word_1_231' title='bbox 532 3876 584 3923; x_wconf 77' lang='lat'>9.</span> <span class='ocrx_word' id='word_1_232' title='bbox 607 3876 688 3922; x_wconf 76' lang='lat'>⁸⁷.</span> <span class='ocrx_word' id='word_1_233' title='bbox 756 3873 773 3900; x_wconf 87' lang='lat'>‘</span> <span class='ocrx_word' id='word_1_234' title='bbox 798 3873 869 3921; x_wconf 89' lang='lat' dir='ltr'>Et</span> <span class='ocrx_word' id='word_1_235' title='bbox 889 3870 1016 3920; x_wconf 91' lang='lat' dir='ltr'>dare</span> <span class='ocrx_word' id='word_1_236' title='bbox 1050 3872 1313 3921; x_wconf 73' lang='lat' dir='ltr'>anhelanti</span> <span class='ocrx_word' id='word_1_237' title='bbox 1351 3887 1596 3936; x_wconf 87' lang='lat' dir='ltr'>spuman-</span> 
     </span>
     <span class='ocr_line' id='line_1_45' title="bbox 533 3946 1591 4009; baseline 0 -10"><span class='ocrx_word' id='word_1_238' title='bbox 533 3948 672 3999; x_wconf 84' lang='lat' dir='ltr'>tibus</span> <span class='ocrx_word' id='word_1_239' title='bbox 709 3947 918 3998; x_wconf 86' lang='lat' dir='ltr'>humida</span> <span class='ocrx_word' id='word_1_240' title='bbox 948 3948 1106 3997; x_wconf 88' lang='lat' dir='ltr'>labris</span> <span class='ocrx_word' id='word_1_241' title='bbox 1129 3946 1327 3999; x_wconf 86' lang='lat' dir='ltr'>Oscula</span> <span class='ocrx_word' id='word_1_242' title='bbox 1339 3948 1372 4009; x_wconf 71' lang='grc' dir='ltr'>ς’</span> <span class='ocrx_word' id='word_1_243' title='bbox 1406 3957 1463 3999; x_wconf 89' lang='lat' dir='ltr'>et</span> <span class='ocrx_word' id='word_1_244' title='bbox 1492 3951 1591 3999; x_wconf 89' lang='lat' dir='ltr'>Lu-</span> 
     </span>
     <span class='ocr_line' id='line_1_46' title="bbox 534 4023 1593 4088; baseline -0.002 -12"><span class='ocrx_word' id='word_1_245' title='bbox 534 4030 668 4076; x_wconf 89' lang='lat' dir='ltr'>cret.</span> <span class='ocrx_word' id='word_1_246' title='bbox 690 4028 742 4075; x_wconf 74' lang='lat'>4.</span> <span class='ocrx_word' id='word_1_247' title='bbox 767 4027 913 4074; x_wconf 79' lang='lat'>1186.</span> <span class='ocrx_word' id='word_1_248' title='bbox 976 4024 993 4051; x_wconf 85' lang='lat'>‘</span> <span class='ocrx_word' id='word_1_249' title='bbox 1018 4023 1149 4075; x_wconf 79' lang='lat' dir='ltr'>Quoe</span> <span class='ocrx_word' id='word_1_250' title='bbox 1190 4025 1461 4088; x_wconf 84' lang='lat' dir='ltr'>complexa</span> <span class='ocrx_word' id='word_1_251' title='bbox 1495 4024 1593 4075; x_wconf 79' lang='lat' dir='ltr'>viri</span> 
     </span>
     <span class='ocr_line' id='line_1_47' title="bbox 532 4100 1593 4164; baseline 0 -13"><span class='ocrx_word' id='word_1_252' title='bbox 532 4115 720 4164; x_wconf 90' lang='lat' dir='ltr'>corpus</span> <span class='ocrx_word' id='word_1_253' title='bbox 741 4114 860 4151; x_wconf 89' lang='lat' dir='ltr'>cum</span> <span class='ocrx_word' id='word_1_254' title='bbox 881 4112 1098 4163; x_wconf 88' lang='lat' dir='ltr'>corpore</span> <span class='ocrx_word' id='word_1_255' title='bbox 1111 4100 1309 4164; x_wconf 84' lang='lat' dir='ltr'>jungit,</span> <span class='ocrx_word' id='word_1_256' title='bbox 1346 4101 1416 4151; x_wconf 83' lang='lat' dir='ltr'>Et</span> <span class='ocrx_word' id='word_1_257' title='bbox 1444 4108 1593 4152; x_wconf 90' lang='lat' dir='ltr'>tenet</span> 
     </span>
     <span class='ocr_line' id='line_1_48' title="bbox 531 4177 1595 4229; baseline 0.002 -3"><span class='ocrx_word' id='word_1_258' title='bbox 531 4178 757 4228; x_wconf 83' lang='lat' dir='ltr'>adsuctis</span> <span class='ocrx_word' id='word_1_259' title='bbox 773 4177 1074 4227; x_wconf 78' lang='lat' dir='ltr'>humectans</span> <span class='ocrx_word' id='word_1_260' title='bbox 1089 4178 1265 4227; x_wconf 84' lang='lat' dir='ltr'>oscula</span> <span class='ocrx_word' id='word_1_261' title='bbox 1287 4177 1487 4229; x_wconf 67' lang='lat' dir='ltr'>labris!</span> <span class='ocrx_word' id='word_1_262' title='bbox 1510 4179 1595 4228; x_wconf 82' lang='lat' dir='ltr'>vel</span> 
     </span>
     <span class='ocr_line' id='line_1_49' title="bbox 532 4252 1593 4317; baseline 0 -14"><span class='ocrx_word' id='word_1_263' title='bbox 532 4259 679 4304; x_wconf 83' lang='lat' dir='ltr'>certe</span> <span class='ocrx_word' id='word_1_264' title='bbox 701 4252 888 4303; x_wconf 79' lang='lat' dir='ltr'>Martis</span> <span class='ocrx_word' id='word_1_265' title='bbox 908 4253 1127 4303; x_wconf 88' lang='lat' dir='ltr'>amantis</span> <span class='ocrx_word' id='word_1_266' title='bbox 1148 4253 1386 4317; x_wconf 88' lang='lat' dir='ltr'>spiritum</span> <span class='ocrx_word' id='word_1_267' title='bbox 1411 4269 1475 4306; x_wconf 82' lang='lat' dir='ltr'>ex</span> <span class='ocrx_word' id='word_1_268' title='bbox 1488 4256 1593 4304; x_wconf 83' lang='lat' dir='ltr'>Ve-</span> 
     </span>
     <span class='ocr_line' id='line_1_50' title="bbox 526 4329 1593 4397; baseline 0 -15"><span class='ocrx_word' id='word_1_269' title='bbox 526 4330 670 4383; x_wconf 78' lang='lat' dir='ltr'>neris</span> <span class='ocrx_word' id='word_1_270' title='bbox 689 4329 869 4383; x_wconf 74' lang='lat' dir='ltr'>amica:</span> <span class='ocrx_word' id='word_1_271' title='bbox 905 4334 1118 4395; x_wconf 82' lang='lat' dir='ltr'>aspectu</span> <span class='ocrx_word' id='word_1_272' title='bbox 1155 4329 1403 4395; x_wconf 83' lang='lat' dir='ltr'>pendere,</span> <span class='ocrx_word' id='word_1_273' title='bbox 1437 4337 1593 4397; x_wconf 84' lang='lat' dir='ltr'>atque</span> 
     </span>
    </p>
   </div>
   <div class='ocr_carea' id='block_1_3' title="bbox 1256 416 2052 468">
    <p class='ocr_par' dir='ltr' id='par_1_6' title="bbox 1256 416 2052 468">
     <span class='ocr_line' id='line_1_51' title="bbox 1256 416 2052 468; baseline 0.001 -1"><span class='ocrx_word' id='word_1_274' title='bbox 1256 416 1473 468; x_wconf 62' lang='lat' dir='ltr'><strong>⁸0⁰1·AE</strong></span> <span class='ocrx_word' id='word_1_275' title='bbox 1522 417 1923 467; x_wconf 58' lang='lat' dir='ltr'>vammum</span> <span class='ocrx_word' id='word_1_276' title='bbox 1971 419 2052 468; x_wconf 81' lang='lat' dir='ltr'>IN</span> 
     </span>
    </p>
   </div>
   <div class='ocr_carea' id='block_1_4' title="bbox 1666 564 2752 4392">
    <p class='ocr_par' dir='ltr' id='par_1_7' title="bbox 1681 564 2750 781">
     <span class='ocr_line' id='line_1_52' title="bbox 1681 564 2749 626; baseline 0.006 -15"><span class='ocrx_word' id='word_1_277' title='bbox 1681 567 1859 626; x_wconf 87' lang='lat' dir='ltr'>aptum</span> <span class='ocrx_word' id='word_1_278' title='bbox 1903 577 2050 613; x_wconf 86' lang='lat' dir='ltr'>esse:</span> <span class='ocrx_word' id='word_1_279' title='bbox 2086 564 2171 614; x_wconf 83' lang='lat' dir='ltr'>cui</span> <span class='ocrx_word' id='word_1_280' title='bbox 2215 565 2491 616; x_wconf 66' lang='lat' dir='ltr'>sententiae</span> <span class='ocrx_word' id='word_1_281' title='bbox 2534 579 2749 617; x_wconf 82' lang='lat' dir='ltr'>eonsen-</span> 
     </span>
     <span class='ocr_line' id='line_1_53' title="bbox 1684 640 2750 706; baseline 0.005 -19"><span class='ocrx_word' id='word_1_282' title='bbox 1684 648 1838 688; x_wconf 81' lang='lat' dir='ltr'>tnuea</span> <span class='ocrx_word' id='word_1_283' title='bbox 1856 647 1999 689; x_wconf 88' lang='lat' dir='ltr'>esset</span> <span class='ocrx_word' id='word_1_284' title='bbox 2021 640 2201 704; x_wconf 90' lang='lat' dir='ltr'>lectio,</span> <span class='ocrx_word' id='word_1_285' title='bbox 2230 641 2391 705; x_wconf 71' lang='lat' dir='ltr'>Atque</span> <span class='ocrx_word' id='word_1_286' title='bbox 2412 643 2485 692; x_wconf 75' lang='lat' dir='ltr'>ita</span> <span class='ocrx_word' id='word_1_287' title='bbox 2504 642 2750 706; x_wconf 69' lang='lat' dir='ltr'>suspirans</span> 
     </span>
     <span class='ocr_line' id='line_1_54' title="bbox 1682 716 2468 781; baseline 0.006 -16"><span class='ocrx_word' id='word_1_288' title='bbox 1682 717 1823 766; x_wconf 74' lang='lat' dir='ltr'>tereti</span> <span class='ocrx_word' id='word_1_289' title='bbox 1841 716 2022 767; x_wconf 68' lang='lat' dir='ltr'>ceruice</span> <span class='ocrx_word' id='word_1_290' title='bbox 2045 723 2246 781; x_wconf 70' lang='lat' dir='ltr'>repostu-</span> <span class='ocrx_word' id='word_1_291' title='bbox 2284 719 2468 770; x_wconf 75' lang='lat' dir='ltr'>Lamb-</span> 
     </span>
    </p>

    <p class='ocr_par' dir='ltr' id='par_1_8' title="bbox 1673 795 2752 2631">
     <span class='ocr_line' id='line_1_55' title="bbox 1749 795 2752 862; baseline 0.005 -18"><span class='ocrx_word' id='word_1_292' title='bbox 1749 795 1884 858; x_wconf 78' lang='lat' dir='ltr'>Eqae</span> <span class='ocrx_word' id='word_1_293' title='bbox 1928 800 2008 845; x_wconf 76' lang='lat' dir='ltr'>tuo</span> <span class='ocrx_word' id='word_1_294' title='bbox 2063 799 2236 860; x_wconf 74' lang='lat' dir='ltr'>pendet</span> <span class='ocrx_word' id='word_1_295' title='bbox 2280 800 2495 860; x_wconf 69' lang='lat' dir='ltr'>resupini</span> <span class='ocrx_word' id='word_1_296' title='bbox 2548 799 2752 862; x_wconf 74' lang='lat' dir='ltr'>spis-itas</span> 
     </span>
     <span class='ocr_line' id='line_1_56' title="bbox 1679 870 2747 935; baseline 0.005 -15"><span class='ocrx_word' id='word_1_297' title='bbox 1679 871 1781 935; x_wconf 84' lang='lat' dir='ltr'>ore]</span> <span class='ocrx_word' id='word_1_298' title='bbox 1818 870 2048 923; x_wconf 73' lang='lat' dir='ltr'>Inclinat</span> <span class='ocrx_word' id='word_1_299' title='bbox 2068 873 2268 923; x_wconf 89' lang='lat' dir='ltr'>animus</span> <span class='ocrx_word' id='word_1_300' title='bbox 2299 880 2358 923; x_wconf 88' lang='lat' dir='ltr'>nt</span> <span class='ocrx_word' id='word_1_301' title='bbox 2389 874 2605 924; x_wconf 86' lang='lat' dir='ltr'>credam</span> <span class='ocrx_word' id='word_1_302' title='bbox 2649 875 2747 924; x_wconf 71' lang='lat' dir='ltr'>hu·</span> 
     </span>
     <span class='ocr_line' id='line_1_57' title="bbox 1680 949 2745 1017; baseline 0.003 -19"><span class='ocrx_word' id='word_1_303' title='bbox 1680 949 1899 998; x_wconf 90' lang='lat' dir='ltr'>cretinm</span> <span class='ocrx_word' id='word_1_304' title='bbox 1925 950 2214 1013; x_wconf 80' lang='lat' dir='ltr'>respexisse</span> <span class='ocrx_word' id='word_1_305' title='bbox 2238 951 2468 1001; x_wconf 77' lang='lat' dir='ltr'>tabulam</span> <span class='ocrx_word' id='word_1_306' title='bbox 2500 951 2745 1017; x_wconf 81' lang='lat' dir='ltr'>aliquam,</span> 
     </span>
     <span class='ocr_line' id='line_1_58' title="bbox 1679 1024 2748 1090; baseline 0.004 -17"><span class='ocrx_word' id='word_1_307' title='bbox 1679 1024 1734 1073; x_wconf 92' lang='lat' dir='ltr'>in</span> <span class='ocrx_word' id='word_1_308' title='bbox 1755 1039 1858 1090; x_wconf 88' lang='lat' dir='ltr'>qua</span> <span class='ocrx_word' id='word_1_309' title='bbox 1880 1026 2024 1076; x_wconf 78' lang='lat' dir='ltr'>Mars</span> <span class='ocrx_word' id='word_1_310' title='bbox 2047 1027 2245 1090; x_wconf 68' lang='lat' dir='ltr'>gremio</span> <span class='ocrx_word' id='word_1_311' title='bbox 2258 1027 2482 1077; x_wconf 86' lang='lat' dir='ltr'>Veneris</span> <span class='ocrx_word' id='word_1_312' title='bbox 2519 1027 2748 1078; x_wconf 83' lang='lat' dir='ltr'>molliter</span> 
     </span>
     <span class='ocr_line' id='line_1_59' title="bbox 1680 1100 2745 1155; baseline 0.003 -5"><span class='ocrx_word' id='word_1_313' title='bbox 1680 1100 1907 1152; x_wconf 83' lang='lat' dir='ltr'>insidens</span> <span class='ocrx_word' id='word_1_314' title='bbox 1929 1101 2283 1153; x_wconf 81' lang='lat' dir='ltr'>exhiberetur.</span> <span class='ocrx_word' id='word_1_315' title='bbox 2350 1102 2455 1155; x_wconf 82' lang='lat' dir='ltr'>Qui</span> <span class='ocrx_word' id='word_1_316' title='bbox 2478 1110 2660 1152; x_wconf 90' lang='lat' dir='ltr'>autem</span> <span class='ocrx_word' id='word_1_317' title='bbox 2693 1103 2745 1153; x_wconf 84' lang='lat' dir='ltr'>ia</span> 
     </span>
     <span class='ocr_line' id='line_1_60' title="bbox 1679 1178 2746 1244; baseline 0.002 -17"><span class='ocrx_word' id='word_1_318' title='bbox 1679 1180 1877 1242; x_wconf 78' lang='lat' dir='ltr'>gremio</span> <span class='ocrx_word' id='word_1_319' title='bbox 1899 1179 2133 1230; x_wconf 63' lang='lat' dir='ltr'>amicula!</span> <span class='ocrx_word' id='word_1_320' title='bbox 2155 1193 2250 1244; x_wconf 88' lang='lat' dir='ltr'>per</span> <span class='ocrx_word' id='word_1_321' title='bbox 2278 1178 2457 1229; x_wconf 88' lang='lat' dir='ltr'>ludum</span> <span class='ocrx_word' id='word_1_322' title='bbox 2490 1185 2545 1228; x_wconf 89' lang='lat' dir='ltr'>et</span> <span class='ocrx_word' id='word_1_323' title='bbox 2569 1181 2746 1243; x_wconf 79' lang='lat' dir='ltr'>jocum</span> 
     </span>
     <span class='ocr_line' id='line_1_61' title="bbox 1678 1255 2747 1321; baseline 0.002 -16"><span class='ocrx_word' id='word_1_324' title='bbox 1678 1255 1881 1319; x_wconf 88' lang='lat' dir='ltr'>sedent,</span> <span class='ocrx_word' id='word_1_325' title='bbox 1916 1270 2005 1306; x_wconf 85' lang='lat' dir='ltr'>eos</span> <span class='ocrx_word' id='word_1_326' title='bbox 2027 1270 2239 1307; x_wconf 82' lang='lat' dir='ltr'>aversos</span> <span class='ocrx_word' id='word_1_327' title='bbox 2260 1269 2377 1307; x_wconf 87' lang='lat' dir='ltr'>esse</span> <span class='ocrx_word' id='word_1_328' title='bbox 2395 1270 2614 1306; x_wconf 86' lang='lat' dir='ltr'>necesse</span> <span class='ocrx_word' id='word_1_329' title='bbox 2649 1265 2747 1321; x_wconf 88' lang='lat' dir='ltr'>est,</span> 
     </span>
     <span class='ocr_line' id='line_1_62' title="bbox 1679 1330 2745 1397; baseline 0.003 -17"><span class='ocrx_word' id='word_1_330' title='bbox 1679 1345 1846 1396; x_wconf 81' lang='lat' dir='ltr'>neque</span> <span class='ocrx_word' id='word_1_331' title='bbox 1867 1332 2165 1383; x_wconf 89' lang='lat' dir='ltr'>desiderato</span> <span class='ocrx_word' id='word_1_332' title='bbox 2188 1340 2403 1397; x_wconf 83' lang='lat' dir='ltr'>aspectu</span> <span class='ocrx_word' id='word_1_333' title='bbox 2425 1330 2533 1382; x_wconf 78' lang='lat' dir='ltr'>frui</span> <span class='ocrx_word' id='word_1_334' title='bbox 2561 1347 2745 1397; x_wconf 83' lang='lat' dir='ltr'>posse;</span> 
     </span>
     <span class='ocr_line' id='line_1_63' title="bbox 1677 1406 2747 1473; baseline 0.002 -17"><span class='ocrx_word' id='word_1_335' title='bbox 1677 1420 1837 1471; x_wconf 83' lang='lat' dir='ltr'>quare</span> <span class='ocrx_word' id='word_1_336' title='bbox 1850 1406 1998 1457; x_wconf 86' lang='lat' dir='ltr'>addit</span> <span class='ocrx_word' id='word_1_337' title='bbox 2012 1408 2171 1471; x_wconf 69' lang='lat' dir='ltr'>poeta</span> <span class='ocrx_word' id='word_1_338' title='bbox 2183 1409 2198 1436; x_wconf 89' lang='lat'>‘</span> <span class='ocrx_word' id='word_1_339' title='bbox 2215 1408 2421 1458; x_wconf 78' lang='lat' dir='ltr'>cervice</span> <span class='ocrx_word' id='word_1_340' title='bbox 2436 1408 2747 1473; x_wconf 81' lang='lat' dir='ltr'>reposta,&#39;ct</span> 
     </span>
     <span class='ocr_line' id='line_1_64' title="bbox 1678 1483 2744 1550; baseline 0.003 -18"><span class='ocrx_word' id='word_1_341' title='bbox 1678 1483 1694 1512; x_wconf 91' lang='lat'>‘</span> <span class='ocrx_word' id='word_1_342' title='bbox 1718 1483 1988 1548; x_wconf 86' lang='lat' dir='ltr'>resupini,&#39;</span> <span class='ocrx_word' id='word_1_343' title='bbox 2008 1492 2062 1534; x_wconf 90' lang='lat' dir='ltr'>et</span> <span class='ocrx_word' id='word_1_344' title='bbox 2082 1484 2098 1513; x_wconf 91' lang='lat'>‘</span> <span class='ocrx_word' id='word_1_345' title='bbox 2116 1485 2400 1549; x_wconf 87' lang='lat' dir='ltr'>suspiciens</span> <span class='ocrx_word' id='word_1_346' title='bbox 2417 1484 2453 1546; x_wconf 69' lang='grc' dir='ltr'>ς’</span> <span class='ocrx_word' id='word_1_347' title='bbox 2488 1500 2597 1550; x_wconf 86' lang='lat' dir='ltr'>qua</span> <span class='ocrx_word' id='word_1_348' title='bbox 2617 1499 2744 1536; x_wconf 78' lang='lat' dir='ltr'>voca</span> 
     </span>
     <span class='ocr_line' id='line_1_65' title="bbox 1677 1560 2746 1625; baseline 0.002 -15"><span class='ocrx_word' id='word_1_349' title='bbox 1677 1560 1990 1624; x_wconf 87' lang='lat' dir='ltr'>ostenditur,</span> <span class='ocrx_word' id='word_1_350' title='bbox 2005 1562 2252 1625; x_wconf 88' lang='lat' dir='ltr'>Martem,</span> <span class='ocrx_word' id='word_1_351' title='bbox 2268 1575 2441 1611; x_wconf 89' lang='lat' dir='ltr'>amore</span> <span class='ocrx_word' id='word_1_352' title='bbox 2456 1567 2512 1611; x_wconf 89' lang='lat' dir='ltr'>et</span> <span class='ocrx_word' id='word_1_353' title='bbox 2523 1562 2746 1612; x_wconf 85' lang='lat' dir='ltr'>admira·</span> 
     </span>
     <span class='ocr_line' id='line_1_66' title="bbox 1680 1635 2741 1701; baseline 0.002 -15"><span class='ocrx_word' id='word_1_354' title='bbox 1680 1637 1822 1686; x_wconf 88' lang='lat' dir='ltr'>tione</span> <span class='ocrx_word' id='word_1_355' title='bbox 1845 1636 2095 1699; x_wconf 80' lang='lat' dir='ltr'>defixum,</span> <span class='ocrx_word' id='word_1_356' title='bbox 2118 1650 2332 1701; x_wconf 78' lang='lat' dir='ltr'>pascere</span> <span class='ocrx_word' id='word_1_357' title='bbox 2357 1635 2543 1688; x_wconf 80' lang='lat' dir='ltr'>avidos</span> <span class='ocrx_word' id='word_1_358' title='bbox 2567 1638 2741 1688; x_wconf 81' lang='lat' dir='ltr'>oculos</span> 
     </span>
     <span class='ocr_line' id='line_1_67' title="bbox 1678 1714 2743 1765; baseline 0.002 -2"><span class='ocrx_word' id='word_1_359' title='bbox 1678 1714 1956 1763; x_wconf 87' lang='lat' dir='ltr'>inhiantem</span> <span class='ocrx_word' id='word_1_360' title='bbox 2006 1714 2058 1763; x_wconf 89' lang='lat' dir='ltr'>ln</span> <span class='ocrx_word' id='word_1_361' title='bbox 2086 1716 2349 1765; x_wconf 85' lang='lat' dir='ltr'>Venerem</span> <span class='ocrx_word' id='word_1_362' title='bbox 2393 1714 2610 1765; x_wconf 80' lang='lat' dir='ltr'>cervice</span> <span class='ocrx_word' id='word_1_363' title='bbox 2664 1728 2743 1765; x_wconf 86' lang='lat' dir='ltr'>re·</span> 
     </span>
     <span class='ocr_line' id='line_1_68' title="bbox 1675 1787 2744 1855; baseline 0.001 -16"><span class='ocrx_word' id='word_1_364' title='bbox 1675 1787 1830 1842; x_wconf 79' lang='lat' dir='ltr'>flexa.</span> <span class='ocrx_word' id='word_1_365' title='bbox 1896 1789 1967 1839; x_wconf 88' lang='lat' dir='ltr'>Et</span> <span class='ocrx_word' id='word_1_366' title='bbox 1986 1789 2099 1842; x_wconf 80' lang='lat' dir='ltr'>haec</span> <span class='ocrx_word' id='word_1_367' title='bbox 2121 1790 2350 1855; x_wconf 84' lang='lat' dir='ltr'>quidem,</span> <span class='ocrx_word' id='word_1_368' title='bbox 2381 1796 2439 1839; x_wconf 87' lang='grc' dir='ltr'>ιιι</span> <span class='ocrx_word' id='word_1_369' title='bbox 2458 1789 2671 1854; x_wconf 86' lang='lat' dir='ltr'>opinor,</span> <span class='ocrx_word' id='word_1_370' title='bbox 2692 1791 2744 1840; x_wconf 81' lang='lat' dir='ltr'>iu</span> 
     </span>
     <span class='ocr_line' id='line_1_69' title="bbox 1679 1867 2747 1933; baseline -0.003 -15"><span class='ocrx_word' id='word_1_371' title='bbox 1679 1869 1891 1929; x_wconf 85' lang='lat' dir='ltr'>tabula;</span> <span class='ocrx_word' id='word_1_372' title='bbox 1945 1867 2037 1917; x_wconf 90' lang='lat' dir='ltr'>sed</span> <span class='ocrx_word' id='word_1_373' title='bbox 2093 1881 2210 1933; x_wconf 78' lang='lat' dir='ltr'>quae</span> <span class='ocrx_word' id='word_1_374' title='bbox 2265 1881 2387 1917; x_wconf 77' lang='lat' dir='ltr'>mox</span> <span class='ocrx_word' id='word_1_375' title='bbox 2441 1873 2747 1931; x_wconf 78' lang='lat' dir='ltr'>sequuntur,</span> 
     </span>
     <span class='ocr_line' id='line_1_70' title="bbox 1680 1942 2740 2008; baseline 0 -16"><span class='ocrx_word' id='word_1_376' title='bbox 1680 1944 1695 1970; x_wconf 89' lang='lat'>‘</span> <span class='ocrx_word' id='word_1_377' title='bbox 1725 1943 1878 1994; x_wconf 79' lang='lat' dir='ltr'>Hunc</span> <span class='ocrx_word' id='word_1_378' title='bbox 1901 1950 1977 2006; x_wconf 91' lang='lat' dir='ltr'>tu,</span> <span class='ocrx_word' id='word_1_379' title='bbox 2019 1943 2178 2008; x_wconf 81' lang='lat' dir='ltr'>Diva,</span> <span class='ocrx_word' id='word_1_380' title='bbox 2226 1942 2355 2006; x_wconf 87' lang='lat' dir='ltr'>tuo,&#39;</span> <span class='ocrx_word' id='word_1_381' title='bbox 2375 1946 2479 1994; x_wconf 70' lang='grc' dir='ltr'>διο.</span> <span class='ocrx_word' id='word_1_382' title='bbox 2503 1949 2578 2005; x_wconf 85' lang='lat' dir='ltr'>et,</span> <span class='ocrx_word' id='word_1_383' title='bbox 2606 1943 2622 1970; x_wconf 82' lang='lat'>‘</span> <span class='ocrx_word' id='word_1_384' title='bbox 2644 1944 2740 1993; x_wconf 86' lang='lat' dir='ltr'>cir-</span> 
     </span>
     <span class='ocr_line' id='line_1_71' title="bbox 1678 2018 2743 2086; baseline 0.001 -17"><span class='ocrx_word' id='word_1_385' title='bbox 1678 2018 1914 2071; x_wconf 82' lang='lat' dir='ltr'>cumfusa</span> <span class='ocrx_word' id='word_1_386' title='bbox 1932 2021 2126 2085; x_wconf 89' lang='lat' dir='ltr'>snper,&#39;</span> <span class='ocrx_word' id='word_1_387' title='bbox 2148 2035 2249 2071; x_wconf 92' lang='lat' dir='ltr'>non</span> <span class='ocrx_word' id='word_1_388' title='bbox 2272 2022 2493 2086; x_wconf 85' lang='lat' dir='ltr'>amplius</span> <span class='ocrx_word' id='word_1_389' title='bbox 2510 2021 2579 2072; x_wconf 85' lang='lat' dir='ltr'>ad</span> <span class='ocrx_word' id='word_1_390' title='bbox 2600 2020 2743 2070; x_wconf 72' lang='lat' dir='ltr'>taba·</span> 
     </span>
     <span class='ocr_line' id='line_1_72' title="bbox 1677 2100 2741 2165; baseline 0.001 -17"><span class='ocrx_word' id='word_1_391' title='bbox 1677 2101 1779 2148; x_wconf 80' lang='lat' dir='ltr'>lam</span> <span class='ocrx_word' id='word_1_392' title='bbox 1814 2101 2096 2164; x_wconf 85' lang='lat' dir='ltr'>pertinent.</span> <span class='ocrx_word' id='word_1_393' title='bbox 2143 2101 2282 2149; x_wconf 88' lang='lat' dir='ltr'>Vera</span> <span class='ocrx_word' id='word_1_394' title='bbox 2321 2113 2406 2151; x_wconf 82' lang='lat' dir='ltr'>res</span> <span class='ocrx_word' id='word_1_395' title='bbox 2442 2100 2655 2165; x_wconf 77' lang='lat' dir='ltr'>agitnr3</span> <span class='ocrx_word' id='word_1_396' title='bbox 2688 2106 2741 2149; x_wconf 86' lang='lat' dir='ltr'>et</span> 
     </span>
     <span class='ocr_line' id='line_1_73' title="bbox 1673 2172 2741 2241; baseline 0.002 -17"><span class='ocrx_word' id='word_1_397' title='bbox 1673 2172 1863 2237; x_wconf 70' lang='grc' dir='ltr'><strong><em>μεγάλα</em></strong></span> <span class='ocrx_word' id='word_1_398' title='bbox 1878 2174 2111 2240; x_wconf 79' lang='grc' dir='ltr'>μυστήρια</span> <span class='ocrx_word' id='word_1_399' title='bbox 2127 2179 2351 2226; x_wconf 62' lang='grc' dir='ltr'>τελεῖται.</span> <span class='ocrx_word' id='word_1_400' title='bbox 2420 2177 2502 2226; x_wconf 79' lang='lat' dir='ltr'>Ex</span> <span class='ocrx_word' id='word_1_401' title='bbox 2523 2178 2627 2241; x_wconf 83' lang='lat' dir='ltr'>his,</span> <span class='ocrx_word' id='word_1_402' title='bbox 2665 2177 2741 2228; x_wconf 82' lang='lat' dir='ltr'>uti</span> 
     </span>
     <span class='ocr_line' id='line_1_74' title="bbox 1674 2254 2742 2320; baseline -0.001 -16"><span class='ocrx_word' id='word_1_403' title='bbox 1674 2268 1849 2318; x_wconf 85' lang='lat' dir='ltr'>spero,</span> <span class='ocrx_word' id='word_1_404' title='bbox 1868 2254 1997 2305; x_wconf 90' lang='lat' dir='ltr'>lucis</span> <span class='ocrx_word' id='word_1_405' title='bbox 2017 2254 2211 2320; x_wconf 89' lang='lat' dir='ltr'>aliquid</span> <span class='ocrx_word' id='word_1_406' title='bbox 2230 2254 2483 2320; x_wconf 80' lang='lat' dir='ltr'>huicloco</span> <span class='ocrx_word' id='word_1_407' title='bbox 2502 2254 2742 2305; x_wconf 86' lang='lat' dir='ltr'>accedet.</span> 
     </span>
     <span class='ocr_line' id='line_1_75' title="bbox 1739 2406 2741 2474; baseline -0.001 -16"><span class='ocrx_word' id='word_1_408' title='bbox 1739 2413 1805 2459; x_wconf 77' lang='lat'>89</span> <span class='ocrx_word' id='word_1_409' title='bbox 1826 2408 1972 2459; x_wconf 80' lang='grc' dir='ltr'>Ηιιιισ</span> <span class='ocrx_word' id='word_1_410' title='bbox 2008 2415 2082 2473; x_wconf 80' lang='grc' dir='ltr'>ιιι,</span> <span class='ocrx_word' id='word_1_411' title='bbox 2119 2409 2270 2470; x_wconf 76' lang='lat' dir='ltr'>Diva,</span> <span class='ocrx_word' id='word_1_412' title='bbox 2307 2406 2419 2474; x_wconf 48' lang='lat' dir='ltr'>qm]</span> <span class='ocrx_word' id='word_1_413' title='bbox 2466 2407 2628 2458; x_wconf 81' lang='lat' dir='ltr'>Hunc</span> <span class='ocrx_word' id='word_1_414' title='bbox 2667 2413 2741 2471; x_wconf 87' lang='lat' dir='ltr'>tn,</span> 
     </span>
     <span class='ocr_line' id='line_1_76' title="bbox 1675 2489 2739 2552; baseline -0.004 -13"><span class='ocrx_word' id='word_1_415' title='bbox 1675 2489 1834 2552; x_wconf 81' lang='lat' dir='ltr'>Diva,</span> <span class='ocrx_word' id='word_1_416' title='bbox 1856 2489 2195 2539; x_wconf 85' lang='lat' dir='ltr'>recubantem</span> <span class='ocrx_word' id='word_1_417' title='bbox 2228 2494 2320 2538; x_wconf 84' lang='lat' dir='ltr'>tuo</span> <span class='ocrx_word' id='word_1_418' title='bbox 2346 2500 2571 2550; x_wconf 88' lang='lat' dir='ltr'>corpore</span> <span class='ocrx_word' id='word_1_419' title='bbox 2604 2500 2739 2536; x_wconf 86' lang='lat' dir='ltr'>eom-</span> 
     </span>
     <span class='ocr_line' id='line_1_77' title="bbox 1674 2565 2063 2631; baseline -0.003 -15"><span class='ocrx_word' id='word_1_420' title='bbox 1674 2567 1847 2631; x_wconf 81' lang='lat' dir='ltr'>plexa.</span> <span class='ocrx_word' id='word_1_421' title='bbox 1889 2565 2063 2616; x_wconf 64' lang='lat' dir='ltr'>Muto.</span> 
     </span>
    </p>

    <p class='ocr_par' dir='ltr' id='par_1_9' title="bbox 1668 2640 2743 3473">
     <span class='ocr_line' id='line_1_78' title="bbox 1736 2640 2736 2706; baseline -0.006 -12"><span class='ocrx_word' id='word_1_422' title='bbox 1736 2648 1802 2694; x_wconf 78' lang='lat'>4⁰</span> <span class='ocrx_word' id='word_1_423' title='bbox 1833 2641 2087 2706; x_wconf 63' lang='lat' dir='ltr'>laqueans]</span> <span class='ocrx_word' id='word_1_424' title='bbox 2124 2640 2378 2705; x_wconf 81' lang='lat' dir='ltr'>Apposite</span> <span class='ocrx_word' id='word_1_425' title='bbox 2400 2641 2613 2704; x_wconf 75' lang='lat' dir='ltr'>loquelas</span> <span class='ocrx_word' id='word_1_426' title='bbox 2648 2654 2736 2704; x_wconf 88' lang='lat' dir='ltr'>ap-</span> 
     </span>
     <span class='ocr_line' id='line_1_79' title="bbox 1674 2717 2743 2785; baseline -0.004 -15"><span class='ocrx_word' id='word_1_427' title='bbox 1674 2721 1840 2785; x_wconf 85' lang='lat' dir='ltr'>pellat</span> <span class='ocrx_word' id='word_1_428' title='bbox 1860 2720 2040 2769; x_wconf 82' lang='lat' dir='ltr'>suavia</span> <span class='ocrx_word' id='word_1_429' title='bbox 2063 2733 2123 2769; x_wconf 91' lang='lat' dir='ltr'>ac</span> <span class='ocrx_word' id='word_1_430' title='bbox 2145 2718 2342 2768; x_wconf 88' lang='lat' dir='ltr'>mellita</span> <span class='ocrx_word' id='word_1_431' title='bbox 2366 2718 2546 2767; x_wconf 80' lang='lat' dir='ltr'>verba.</span> <span class='ocrx_word' id='word_1_432' title='bbox 2585 2717 2743 2767; x_wconf 83' lang='lat' dir='ltr'>Vocis</span> 
     </span>
     <span class='ocr_line' id='line_1_80' title="bbox 1672 2794 2740 2862; baseline -0.005 -15"><span class='ocrx_word' id='word_1_433' title='bbox 1672 2797 1835 2862; x_wconf 87' lang='lat' dir='ltr'>ipsius</span> <span class='ocrx_word' id='word_1_434' title='bbox 1856 2795 1908 2845; x_wconf 91' lang='lat' dir='ltr'>id</span> <span class='ocrx_word' id='word_1_435' title='bbox 1933 2810 2089 2846; x_wconf 88' lang='lat' dir='ltr'>sonus</span> <span class='ocrx_word' id='word_1_436' title='bbox 2126 2794 2332 2845; x_wconf 79' lang='lat' dir='ltr'>videtur</span> <span class='ocrx_word' id='word_1_437' title='bbox 2364 2807 2570 2844; x_wconf 87' lang='lat' dir='ltr'>sonare.</span> <span class='ocrx_word' id='word_1_438' title='bbox 2596 2801 2651 2844; x_wconf 90' lang='lat' dir='ltr'>et</span> <span class='ocrx_word' id='word_1_439' title='bbox 2688 2806 2740 2842; x_wconf 72' lang='grc' dir='ltr'><strong>τ.</strong></span> 
     </span>
     <span class='ocr_line' id='line_1_81' title="bbox 1670 2870 2743 2937; baseline -0.004 -14"><span class='ocrx_word' id='word_1_440' title='bbox 1670 2878 1787 2925; x_wconf 72' lang='grc'><strong>231.</strong></span> <span class='ocrx_word' id='word_1_441' title='bbox 1813 2874 1920 2937; x_wconf 87' lang='lat' dir='ltr'>illa,</span> <span class='ocrx_word' id='word_1_442' title='bbox 1939 2875 1955 2901; x_wconf 93' lang='lat'>‘</span> <span class='ocrx_word' id='word_1_443' title='bbox 1981 2872 2216 2923; x_wconf 88' lang='lat' dir='ltr'>Nutricis</span> <span class='ocrx_word' id='word_1_444' title='bbox 2240 2870 2431 2922; x_wconf 86' lang='lat' dir='ltr'>blanda</span> <span class='ocrx_word' id='word_1_445' title='bbox 2468 2879 2628 2935; x_wconf 83' lang='lat' dir='ltr'>atque</span> <span class='ocrx_word' id='word_1_446' title='bbox 2669 2870 2743 2919; x_wconf 81' lang='lat' dir='ltr'>in·</span> 
     </span>
     <span class='ocr_line' id='line_1_82' title="bbox 1670 2946 2743 3016; baseline -0.005 -16"><span class='ocrx_word' id='word_1_447' title='bbox 1670 2949 1840 3003; x_wconf 86' lang='lat' dir='ltr'>fracta</span> <span class='ocrx_word' id='word_1_448' title='bbox 1859 2949 2093 3016; x_wconf 62' lang='lat' dir='ltr'>loquela:</span> <span class='ocrx_word' id='word_1_449' title='bbox 2111 2963 2240 3014; x_wconf 83' lang='lat' dir='ltr'>quas</span> <span class='ocrx_word' id='word_1_450' title='bbox 2257 2946 2534 2998; x_wconf 87' lang='lat' dir='ltr'>illecebras</span> <span class='ocrx_word' id='word_1_451' title='bbox 2552 2946 2743 2996; x_wconf 76' lang='lat' dir='ltr'>habeut</span> 
     </span>
     <span class='ocr_line' id='line_1_83' title="bbox 1671 3025 2741 3087; baseline -0.007 -8"><span class='ocrx_word' id='word_1_452' title='bbox 1671 3043 1737 3079; x_wconf 79' lang='lat' dir='ltr'>ex</span> <span class='ocrx_word' id='word_1_453' title='bbox 1761 3028 2053 3078; x_wconf 80' lang='lat' dir='ltr'>imitatione</span> <span class='ocrx_word' id='word_1_454' title='bbox 2089 3025 2388 3075; x_wconf 80' lang='lat' dir='ltr'>Minuciana</span> <span class='ocrx_word' id='word_1_455' title='bbox 2428 3029 2601 3087; x_wconf 81' lang='lat' dir='ltr'>patet,</span> <span class='ocrx_word' id='word_1_456' title='bbox 2639 3035 2741 3087; x_wconf 82' lang='lat' dir='ltr'>qua</span> 
     </span>
     <span class='ocr_line' id='line_1_84' title="bbox 1673 3096 2739 3167; baseline -0.007 -13"><span class='ocrx_word' id='word_1_457' title='bbox 1673 3103 1878 3154; x_wconf 87' lang='lat' dir='ltr'>tenellis</span> <span class='ocrx_word' id='word_1_458' title='bbox 1936 3101 2111 3167; x_wconf 89' lang='lat' dir='ltr'>pueris</span> <span class='ocrx_word' id='word_1_459' title='bbox 2150 3115 2302 3166; x_wconf 81' lang='lat' dir='ltr'>quam</span> <span class='ocrx_word' id='word_1_460' title='bbox 2350 3096 2739 3161; x_wconf 73' lang='lat' dir='ltr'>elegantissime</span> 
     </span>
     <span class='ocr_line' id='line_1_85' title="bbox 1672 3172 2740 3238; baseline -0.007 -8"><span class='ocrx_word' id='word_1_461' title='bbox 1672 3179 2027 3230; x_wconf 87' lang='lat' dir='ltr'>attribuuntur</span> <span class='ocrx_word' id='word_1_462' title='bbox 2062 3178 2078 3206; x_wconf 85' lang='lat'>‘</span> <span class='ocrx_word' id='word_1_463' title='bbox 2103 3175 2372 3226; x_wconf 88' lang='lat' dir='ltr'>dimidiata</span> <span class='ocrx_word' id='word_1_464' title='bbox 2407 3172 2591 3238; x_wconf 85' lang='lat' dir='ltr'>verba,</span> <span class='ocrx_word' id='word_1_465' title='bbox 2626 3174 2740 3237; x_wconf 84' lang='lat' dir='ltr'>ipso</span> 
     </span>
     <span class='ocr_line' id='line_1_86' title="bbox 1670 3250 2742 3323; baseline -0.007 -15"><span class='ocrx_word' id='word_1_466' title='bbox 1670 3257 1890 3323; x_wconf 63' lang='lat' dir='ltr'>loquelae</span> <span class='ocrx_word' id='word_1_467' title='bbox 1934 3254 2190 3317; x_wconf 75' lang='lat' dir='ltr'>fragmine</span> <span class='ocrx_word' id='word_1_468' title='bbox 2230 3251 2500 3302; x_wconf 81' lang='lat' dir='ltr'>dulciora.·</span> <span class='ocrx_word' id='word_1_469' title='bbox 2569 3250 2742 3301; x_wconf 84' lang='lat' dir='ltr'>Notus</span> 
     </span>
     <span class='ocr_line' id='line_1_87' title="bbox 1668 3325 2739 3394; baseline -0.007 -11"><span class='ocrx_word' id='word_1_470' title='bbox 1668 3334 1789 3384; x_wconf 92' lang='lat' dir='ltr'>hinc</span> <span class='ocrx_word' id='word_1_471' title='bbox 1816 3333 1986 3382; x_wconf 91' lang='lat' dir='ltr'>Lallus</span> <span class='ocrx_word' id='word_1_472' title='bbox 2012 3332 2178 3394; x_wconf 80' lang='lat' dir='ltr'>Deus,</span> <span class='ocrx_word' id='word_1_473' title='bbox 2213 3336 2267 3379; x_wconf 90' lang='lat' dir='ltr'>et</span> <span class='ocrx_word' id='word_1_474' title='bbox 2292 3326 2499 3377; x_wconf 83' lang='lat' dir='ltr'>Lallare</span> <span class='ocrx_word' id='word_1_475' title='bbox 2521 3325 2739 3376; x_wconf 74' lang='lat' dir='ltr'>verbum</span> 
     </span>
     <span class='ocr_line' id='line_1_88' title="bbox 1669 3404 2724 3473; baseline -0.01 -11"><span class='ocrx_word' id='word_1_476' title='bbox 1669 3410 1792 3463; x_wconf 86' lang='lat' dir='ltr'>inde</span> <span class='ocrx_word' id='word_1_477' title='bbox 1813 3409 2092 3461; x_wconf 84' lang='lat' dir='ltr'>formatum</span> <span class='ocrx_word' id='word_1_478' title='bbox 2110 3407 2249 3473; x_wconf 90' lang='lat' dir='ltr'>apud</span> <span class='ocrx_word' id='word_1_479' title='bbox 2273 3404 2531 3457; x_wconf 85' lang='lat' dir='ltr'>Persium.</span> <span class='ocrx_word' id='word_1_480' title='bbox 2556 3404 2724 3466; x_wconf 64' lang='lat' dir='ltr'>Pni‘.</span> 
     </span>
    </p>

    <p class='ocr_par' dir='ltr' id='par_1_10' title="bbox 1666 3479 2739 4245">
     <span class='ocr_line' id='line_1_89' title="bbox 1732 3479 2737 3549; baseline -0.007 -12"><span class='ocrx_word' id='word_1_481' title='bbox 1732 3492 1796 3538; x_wconf 71' lang='lat'>41</span> <span class='ocrx_word' id='word_1_482' title='bbox 1831 3485 2041 3549; x_wconf 68' lang='lat' dir='ltr'>luctatu]</span> <span class='ocrx_word' id='word_1_483' title='bbox 2073 3483 2163 3535; x_wconf 89' lang='lat' dir='ltr'>Sic</span> <span class='ocrx_word' id='word_1_484' title='bbox 2178 3481 2374 3533; x_wconf 88' lang='lat' dir='ltr'>habent</span> <span class='ocrx_word' id='word_1_485' title='bbox 2388 3479 2510 3529; x_wconf 87' lang='lat' dir='ltr'>libri</span> <span class='ocrx_word' id='word_1_486' title='bbox 2530 3479 2737 3543; x_wconf 82' lang='lat' dir='ltr'>scripti.</span> 
     </span>
     <span class='ocr_line' id='line_1_90' title="bbox 1667 3556 2737 3627; baseline -0.01 -11"><span class='ocrx_word' id='word_1_487' title='bbox 1667 3566 1873 3616; x_wconf 50' lang='lat' dir='ltr'>&amp;clatus</span> <span class='ocrx_word' id='word_1_488' title='bbox 1894 3569 2068 3613; x_wconf 88' lang='lat' dir='ltr'>autem</span> <span class='ocrx_word' id='word_1_489' title='bbox 2088 3560 2277 3627; x_wconf 85' lang='lat' dir='ltr'>(iuquit</span> <span class='ocrx_word' id='word_1_490' title='bbox 2304 3557 2514 3621; x_wconf 84' lang='lat' dir='ltr'>Festus)</span> <span class='ocrx_word' id='word_1_491' title='bbox 2544 3556 2737 3617; x_wconf 79' lang='lat' dir='ltr'>clarus,</span> 
     </span>
     <span class='ocr_line' id='line_1_91' title="bbox 1668 3630 2735 3702; baseline -0.008 -12"><span class='ocrx_word' id='word_1_492' title='bbox 1668 3639 1877 3690; x_wconf 84' lang='lat' dir='ltr'>nobilis.</span> <span class='ocrx_word' id='word_1_493' title='bbox 1892 3638 2002 3702; x_wconf 86' lang='lat' dir='ltr'>jam</span> <span class='ocrx_word' id='word_1_494' title='bbox 2021 3653 2053 3701; x_wconf 75' lang='lat' dir='ltr'><strong><em>y</em></strong></span> <span class='ocrx_word' id='word_1_495' title='bbox 2068 3643 2122 3686; x_wconf 86' lang='lat' dir='ltr'>et</span> <span class='ocrx_word' id='word_1_496' title='bbox 2140 3651 2170 3684; x_wconf 84' lang='grc' dir='ltr'>ιι</span> <span class='ocrx_word' id='word_1_497' title='bbox 2190 3632 2326 3684; x_wconf 88' lang='lat' dir='ltr'>idem</span> <span class='ocrx_word' id='word_1_498' title='bbox 2342 3640 2552 3683; x_wconf 80' lang='lat' dir='ltr'>sonant.</span> <span class='ocrx_word' id='word_1_499' title='bbox 2571 3630 2735 3682; x_wconf 60' lang='lat' dir='ltr'>Luat.</span> 
     </span>
     <span class='ocr_line' id='line_1_92' title="bbox 1670 3709 2733 3779; baseline -0.01 -12"><span class='ocrx_word' id='word_1_500' title='bbox 1670 3717 1793 3767; x_wconf 88' lang='lat' dir='ltr'>Non</span> <span class='ocrx_word' id='word_1_501' title='bbox 1828 3729 1973 3779; x_wconf 74' lang='lat' dir='ltr'>saepe</span> <span class='ocrx_word' id='word_1_502' title='bbox 2014 3712 2153 3778; x_wconf 87' lang='lat' dir='ltr'>apud</span> <span class='ocrx_word' id='word_1_503' title='bbox 2195 3711 2408 3761; x_wconf 86' lang='lat' dir='ltr'>Latinos</span> <span class='ocrx_word' id='word_1_504' title='bbox 2447 3709 2733 3773; x_wconf 82' lang='lat' dir='ltr'>scriptores</span> 
     </span>
     <span class='ocr_line' id='line_1_93' title="bbox 1669 3783 2739 3858; baseline -0.012 -14"><span class='ocrx_word' id='word_1_505' title='bbox 1669 3795 1901 3858; x_wconf 84' lang='lat' dir='ltr'>reperias</span> <span class='ocrx_word' id='word_1_506' title='bbox 1923 3791 2063 3840; x_wconf 83' lang='lat' dir='ltr'>Deos</span> <span class='ocrx_word' id='word_1_507' title='bbox 2086 3789 2288 3852; x_wconf 74' lang='lat' dir='ltr'>inclytos</span> <span class='ocrx_word' id='word_1_508' title='bbox 2308 3785 2518 3845; x_wconf 81' lang='lat' dir='ltr'>vocari3</span> <span class='ocrx_word' id='word_1_509' title='bbox 2554 3783 2739 3841; x_wconf 77' lang='lat' dir='ltr'>sedita</span> 
     </span>
     <span class='ocr_line' id='line_1_94' title="bbox 1666 3859 2737 3932; baseline -0.014 -10"><span class='ocrx_word' id='word_1_510' title='bbox 1666 3870 1781 3921; x_wconf 85' lang='lat' dir='ltr'>fere</span> <span class='ocrx_word' id='word_1_511' title='bbox 1810 3882 2015 3932; x_wconf 87' lang='lat' dir='ltr'>semper</span> <span class='ocrx_word' id='word_1_512' title='bbox 2052 3870 2203 3916; x_wconf 81' lang='lat' dir='ltr'>vocat</span> <span class='ocrx_word' id='word_1_513' title='bbox 2239 3862 2533 3912; x_wconf 81' lang='lat' dir='ltr'>Homerus:</span> <span class='ocrx_word' id='word_1_514' title='bbox 2569 3859 2737 3910; x_wconf 65' lang='grc' dir='ltr'>κλοιὸς</span> 
     </span>
     <span class='ocr_line' id='line_1_95' title="bbox 1666 3937 2733 4009; baseline -0.011 -10"><span class='ocrx_word' id='word_1_515' title='bbox 1666 3947 2012 4009; x_wconf 71' lang='grc' dir='ltr'>Ἐννοσιγαΐοςς</span> <span class='ocrx_word' id='word_1_516' title='bbox 2047 3944 2123 3994; x_wconf 89' lang='lat' dir='ltr'>ita</span> <span class='ocrx_word' id='word_1_517' title='bbox 2143 3942 2211 3991; x_wconf 90' lang='lat' dir='ltr'>de</span> <span class='ocrx_word' id='word_1_518' title='bbox 2234 3941 2489 4000; x_wconf 87' lang='lat' dir='ltr'>Vulcano,</span> <span class='ocrx_word' id='word_1_519' title='bbox 2528 3941 2632 3990; x_wconf 83' lang='lat' dir='ltr'>&amp;c.</span> <span class='ocrx_word' id='word_1_520' title='bbox 2661 3937 2733 3987; x_wconf 84' lang='lat' dir='ltr'>sic</span> 
     </span>
     <span class='ocr_line' id='line_1_96' title="bbox 1666 4015 2735 4091; baseline -0.012 -14"><span class='ocrx_word' id='word_1_521' title='bbox 1666 4038 1868 4091; x_wconf 88' lang='lat' dir='ltr'>quoque</span> <span class='ocrx_word' id='word_1_522' title='bbox 1889 4023 2086 4073; x_wconf 86' lang='lat' dir='ltr'>Ennius</span> <span class='ocrx_word' id='word_1_523' title='bbox 2098 4019 2174 4084; x_wconf 91' lang='lat' dir='ltr'>(p.</span> <span class='ocrx_word' id='word_1_524' title='bbox 2192 4016 2299 4082; x_wconf 73' lang='lat'>53.)</span> <span class='ocrx_word' id='word_1_525' title='bbox 2309 4015 2448 4080; x_wconf 87' lang='lat' dir='ltr'>apud</span> <span class='ocrx_word' id='word_1_526' title='bbox 2472 4017 2702 4066; x_wconf 83' lang='lat' dir='ltr'>Nonium</span> <span class='ocrx_word' id='word_1_527' title='bbox 2718 4032 2735 4064; x_wconf 68' lang='lat' dir='ltr'>a</span> 
     </span>
     <span class='ocr_line' id='line_1_97' title="bbox 1667 4092 2733 4154; baseline -0.012 0"><span class='ocrx_word' id='word_1_528' title='bbox 1667 4106 1683 4133; x_wconf 89' lang='lat'>‘</span> <span class='ocrx_word' id='word_1_529' title='bbox 1707 4103 1847 4154; x_wconf 88' lang='lat' dir='ltr'>Olim</span> <span class='ocrx_word' id='word_1_530' title='bbox 1868 4099 1935 4150; x_wconf 95' lang='lat' dir='ltr'>de</span> <span class='ocrx_word' id='word_1_531' title='bbox 1958 4099 2089 4148; x_wconf 80' lang='lat' dir='ltr'>coelo</span> <span class='ocrx_word' id='word_1_532' title='bbox 2123 4099 2312 4149; x_wconf 74' lang='lat' dir='ltr'>loevum</span> <span class='ocrx_word' id='word_1_533' title='bbox 2345 4092 2496 4143; x_wconf 82' lang='lat' dir='ltr'>dedit</span> <span class='ocrx_word' id='word_1_534' title='bbox 2534 4092 2733 4144; x_wconf 85' lang='lat' dir='ltr'>incluta</span> 
     </span>
     <span class='ocr_line' id='line_1_98' title="bbox 1667 4175 2069 4245; baseline -0.015 -14"><span class='ocrx_word' id='word_1_535' title='bbox 1667 4176 1906 4245; x_wconf 66' lang='lat' dir='ltr'>signum!</span> <span class='ocrx_word' id='word_1_536' title='bbox 1946 4175 2069 4226; x_wconf 78' lang='lat' dir='ltr'>Fab.</span> 
     </span>
    </p>

    <p class='ocr_par' dir='ltr' id='par_1_11' title="bbox 1666 4245 2731 4392">
     <span class='ocr_line' id='line_1_99' title="bbox 1727 4245 2731 4314; baseline -0.011 -9"><span class='ocrx_word' id='word_1_537' title='bbox 1727 4259 1793 4306; x_wconf 74' lang='lat'>41</span> <span class='ocrx_word' id='word_1_538' title='bbox 1829 4254 2074 4303; x_wconf 67' lang='lat' dir='ltr'>Placidum</span> <span class='ocrx_word' id='word_1_539' title='bbox 2108 4247 2295 4314; x_wconf 74' lang='lat' dir='ltr'>paceni]</span> <span class='ocrx_word' id='word_1_540' title='bbox 2338 4245 2492 4311; x_wconf 77' lang='lat' dir='ltr'>Virg.</span> <span class='ocrx_word' id='word_1_541' title='bbox 2536 4245 2653 4296; x_wconf 80' lang='lat' dir='ltr'>AEn.</span> <span class='ocrx_word' id='word_1_542' title='bbox 2686 4248 2731 4295; x_wconf 87' lang='lat'>1.</span> 
     </span>
     <span class='ocr_line' id='line_1_100' title="bbox 1666 4321 2725 4392; baseline -0.012 -8"><span class='ocrx_word' id='word_1_543' title='bbox 1666 4336 1780 4384; x_wconf 74' lang='lat'>²6⁸.</span> <span class='ocrx_word' id='word_1_544' title='bbox 1800 4333 1816 4360; x_wconf 80' lang='lat'><strong>⁴</strong></span> <span class='ocrx_word' id='word_1_545' title='bbox 1833 4329 2053 4383; x_wconf 74' lang='lat' dir='ltr'>Placide</span> <span class='ocrx_word' id='word_1_546' title='bbox 2068 4330 2360 4392; x_wconf 80' lang='lat' dir='ltr'>compostus</span> <span class='ocrx_word' id='word_1_547' title='bbox 2378 4322 2544 4388; x_wconf 84' lang='lat' dir='ltr'>pace.&#39;</span> <span class='ocrx_word' id='word_1_548' title='bbox 2562 4321 2725 4384; x_wconf 57' lang='lat' dir='ltr'>Prek.</span> 
     </span>
    </p>
   </div>
  </div>
 </body>
</html>
