3009 4925
573 408 744 477 102⁰

569 570 674 618 sint
696 570 843 621 inter.
867 584 924 620 se
963 570 1249 635 dissimilia,
1284 581 1527 628 constant
1549 581 1640 624 ta·-

567 662 682 697 men
700 649 903 714 singula
917 650 1145 713 partibus
1162 651 1427 703 similibus.
1441 653 1622 714 Ὅμοιο-

563 723 725 785 μορίαν
743 724 917 788 igitur,
938 740 1089 790 qnam
1113 726 1450 792 Anaxagoras
1484 730 1621 793 prin—

565 802 755 864 cipium
778 816 944 853 rernm
968 818 1085 854 esse
1117 804 1265 866 dixit,
1306 807 1429 855 licet
1461 807 1620 858 inter·

564 875 759 941 pretari
801 882 885 929 vel
927 880 1163 932 similium
1211 885 1430 946 partium
1476 893 1624 935 natu·

560 968 688 1018 ram,
705 956 784 1005 vel
799 957 1018 1019 partium
1032 958 1432 1009 similitudinem.
1455 962 1620 1014 Lamb.

554 1028 916 1096 ὀμοωμέρειαν.
952 1033 1144 1084 Groeca
1155 1036 1515 1088 excudendum
1534 1052 1621 1087 cu·

559 1109 799 1173 ravimus,
819 1114 1001 1160 contra
1033 1125 1185 1177 quam
1209 1111 1447 1177 Anglicae
1479 1114 1618 1164 Edd.

560 1185 745 1235 saltem
790 1187 1130 1249 nuperrima:
1170 1195 1231 1238 ut
1269 1187 1369 1239 sibi
1412 1196 1621 1240 constet

563 1262 751 1325 Poeta,
776 1263 865 1329 qui
888 1263 940 1313 id
964 1279 1122 1329 genus
1152 1266 1304 1330 plura
1338 1275 1617 1319 coacervat

562 1338 702 1388 circa
742 1338 900 1389 finem
945 1340 1060 1391 libri
1104 1342 1327 1407 quarti:
1352 1342 1615 1408 Imprimis

562 1417 804 1479 quoniam
850 1433 956 1469 rem
1006 1419 1171 1484 ipsam
1217 1420 1385 1484 patria
1414 1420 1615 1472 dicere

558 1493 735 1557 lingna
755 1496 950 1561 nequit,
987 1504 1047 1545 ut
1079 1496 1195 1559 ipse
1224 1494 1441 1561 fatetur,
1459 1497 1613 1548 adeo-

502 1607 509 1614 .
559 1583 662 1633 que
686 1585 783 1621 nec
804 1571 1056 1635 scribere,
1093 1579 1151 1623 ut
1190 1587 1283 1636 par
1305 1580 1404 1635 est,
1428 1575 1614 1625 Latine

558 1647 739 1698 voluit.
806 1648 923 1699 Nec
943 1647 1115 1712 video,
1136 1664 1230 1699 eur
1249 1650 1496 1702 Lucretio
1520 1666 1611 1716 po-

557 1725 658 1773 tius
678 1739 833 1790 quam
870 1726 1072 1775 ceteris
1102 1726 1395 1776 auctoribus
1426 1728 1613 1779 Latine

556 1800 898 1852 scribentibus
921 1801 1223 1852 Graecorum
1255 1818 1440 1855 vocum
1464 1806 1614 1856 Grae·

556 1889 668 1926 cam
690 1879 1001 1941 scripturam
1024 1877 1350 1944 denegemus.
1387 1883 1552 1946 Preig.

619 1955 717 2002 8³2
753 1954 979 2017 Egestas]
1018 1954 1139 2003 Hoc
1176 1953 1317 2005 refer
1355 1957 1420 2006 ad
1454 1972 1622 2023 copus

555 2027 733 2078 landas
753 2029 975 2080 diversas
1000 2035 1198 2080 natura:
1234 2031 1522 2084 dictiones:
1560 2036 1613 2086 in

552 2117 654 2167 qua
676 2103 883 2170 quidem
918 2120 976 2155 re
1012 2105 1250 2159 belliores
1288 2120 1409 2160 sunt
1432 2111 1613 2163 Graeci

553 2193 705 2243 quam
751 2180 969 2230 Romani
1009 2183 1191 2234 nostri.
1255 2184 1448 2248 Livius,
1490 2202 1610 2240 cum

551 2252 620 2303 de
643 2253 958 2320 Androgyno
992 2257 1236 2324 loquitur,
1273 2261 1435 2313 tradit
1454 2262 1606 2314 Gra:-

551 2329 684 2380 ciam
715 2333 1016 2395 copulandis
1049 2334 1364 2388 dictionibus
1404 2338 1607 2403 aptissi-

550 2422 702 2459 mam.
770 2410 886 2463 Nec
918 2419 1091 2463 tamen
1122 2416 1356 2468 concedo
1379 2418 1603 2484 linguam

548 2484 790 2538 Latinam
811 2500 926 2539 esse
947 2489 1136 2542 Graeca
1169 2495 1528 2559 pauperiorem
1551 2497 1604 2545 in

544 2564 878 2628 necessariis3
918 2566 1055 2631 qnod
1083 2580 1184 2617 uon
1208 2570 1371 2634 aquis
1394 2571 1603 2623 auribus

544 2637 851 2693 admitteret
889 2642 1090 2703 Cicero.
1120 2644 1457 2703 modestiores
1488 2647 1600 2699 fue·

545 2724 690 2776 runt,
709 2719 908 2769 Latini:
956 2720 1133 2771 Graeci
1176 2722 1506 2783 licentiores:
1543 2733 1601 2776 ut

545 2794 633 2857 qui
677 2795 1003 2846 entelechian
1044 2797 1293 2849 dixerunt
1334 2814 1448 2850 esse
1491 2804 1598 2855 ani·

540 2884 674 2919 mam
698 2886 712 2920 :
750 2873 913 2925 nostri
949 2887 1051 2922 non
1075 2874 1239 2924 minus
1264 2875 1489 2939 perfecti
1512 2879 1597 2929 ha·

538 2945 718 2998 bitiam
738 2948 1021 2999 dixissent:
1048 2948 1138 2998 sed
1160 2952 1442 3015 peregrinis
1454 2951 1599 3006 fave-

539 3034 686 3083 mus:
720 3029 777 3073 et
810 3024 863 3073 in
902 3038 994 3073 nos
1017 3023 1187 3088 legem
1210 3027 1466 3079 sancimus
1498 3031 1594 3082 ini·

538 3111 712 3161 quam.
776 3098 1119 3165 Hemicyclon
1143 3103 1281 3166 quod
1302 3103 1378 3153 illi
1395 3105 1597 3173 dicunt,

534 3171 672 3225 idem
707 3175 968 3227 munditer
998 3174 1255 3243 Apuleius
1285 3181 1593 3234 semirotun-

534 3248 673 3300 dnm.
739 3251 892 3303 Quod
927 3252 1006 3302 illi
1029 3253 1341 3318 διδυμοτόκον,
1372 3259 1595 3313 Ovidius

531 3327 838 3379 concinnius
859 3330 1278 3396 gemelliparsm:
1301 3349 1401 3385 uec
1422 3338 1591 3389 miuus

532 3404 743 3457 exculte
754 3406 1063 3459 noctilucam
1086 3408 1370 3461 Horatius:
1391 3422 1448 3463 et
1470 3429 1589 3466 enm

531 3492 746 3541 magnus
783 3479 1035 3534 Albertus
1078 3484 1309 3538 imitatus
1353 3489 1487 3555 libro
1522 3492 1588 3545 de

530 3556 838 3608 animalibus
879 3562 961 3611 23.
1025 3559 1165 3612 Audi
1199 3578 1354 3629 quam
1394 3568 1586 3634 ingrati

527 3632 582 3681 in
624 3642 830 3685 uosmet
865 3639 1058 3687 simus:
1093 3646 1151 3689 et
1190 3642 1371 3693 alienis
1407 3643 1584 3698 favea-

526 3723 671 3758 mus:
705 3709 863 3776 idqne
898 3713 1102 3763 homine
1133 3715 1326 3777 Graeco
1348 3721 1583 3775 Theodo-

527 3798 586 3834 ro
621 3784 769 3836 Gaza
800 3788 1129 3841 Latinissimo
1166 3806 1197 3841 a
1218 3794 1364 3845 nobis
1397 3805 1584 3852 stante.

523 3861 660 3912 ‘Sed
697 3863 837 3913 enim
877 3863 1106 3930 sufficit,'
1147 3868 1313 3935 inquit
1346 3874 1582 3927 Theodo-

526 3952 634 3999 rus,
671 3938 879 4003 ‘lingua
898 3941 1089 3991 Latina
1124 3943 1336 4010 singulis
1374 3949 1580 4003 Graeca:

522 4015 766 4065 orationis
789 4016 899 4066 sive
920 4017 1185 4069 vocabulis
1223 4021 1333 4073 sive
1369 4034 1581 4081 senten-

521 4092 641 4140 tiis:
692 4105 1000 4163 quamqnam
1046 4098 1437 4167 nonnullirqnte
1478 4105 1579 4156 La·

523 4167 631 4217 tine
667 4168 960 4231 exprimere
996 4182 1293 4238 nequeunt:
1331 4177 1443 4230 hec
1468 4182 1578 4233 ino·

456 4248 461 4259 '
518 4246 621 4312 pia:
645 4247 836 4311 lingua:
862 4247 1097 4301 tribuunt
1134 4252 1362 4305 Latinave:
1408 4272 1578 4315 snam·

517 4338 617 4391 que
638 4324 940 4390 pauperiem
973 4326 1100 4380 vitio
1132 4328 1261 4382 dare
1292 4332 1481 4401 lingua
1501 4339 1577 4391 lo·

1274 428 1488 480 NoTAE
1535 429 1935 483 VARlORUM
1982 431 2062 482 IN

1696 575 2056 638 cupletissimoe
2079 574 2272 626 audent
2291 591 2305 627 :
2337 589 2470 641 qnos
2481 579 2618 629 satis
2633 591 2758 631 ceu·

1695 652 1885 702 vincia
1904 653 2088 703 Marco
2116 653 2296 703 Tullio·
2321 664 2469 718 puto,
2510 671 2626 706 cum
2665 658 2756 708 ine

1692 729 1918 789 lingnam
1946 730 2227 780 Romanam
2266 746 2330 781 ne
2366 733 2520 796 copia
2547 733 2756 799 quidem

1694 805 1968 856 verborum
1991 822 2020 857 a
2043 807 2237 857 Graeca
2249 809 2482 872 superari
2498 819 2756 862 autumet.

1694 881 1970 946 Exclamat
2006 883 2092 933 ille
2128 885 2508 950 aliquantulam
2543 886 2755 951 quidem

1693 955 2009 1021 importune,
2057 958 2109 1009 Ο
2145 960 2354 1024 inopem
2373 962 2638 1013 interdum
2662 964 2760 1013 liu·

1696 1046 1845 1096 guam
1866 1034 2104 1087 Graecam
2119 1053 2137 1086 :
2171 1036 2266 1087 sed
2303 1051 2407 1089 uon
2427 1039 2538 1088 sinc
2558 1055 2719 1094 caum
2736 1057 2754 1091 :

1693 1110 1930 1173 quoniam
1953 1113 2186 1162 nonnulli
2222 1112 2294 1164 ita
2317 1116 2668 1181 contendunt,
2701 1128 2759 1169 ut

1692 1185 1897 1236 Graecis
1920 1188 2043 1238 nihil
2062 1189 2268 1255 deesse,
2293 1192 2490 1242 Latinis
2526 1196 2758 1258 permul-

1688 1268 1743 1311 ta
1760 1262 2043 1315 desiderari
2063 1268 2446 1330 pronuncient!
2511 1271 2654 1322 Haec
2669 1273 2758 1325 ille

1688 1337 1987 1392 Gratcorum
2011 1344 2236 1394 omnium
2257 1344 2628 1401 doctissimus:
2651 1354 2756 1416 qui,

1687 1423 1747 1466 nt
1765 1419 1992 1470 maxima
2013 1422 2246 1473 veritatis
2269 1424 2345 1474 vis
2382 1432 2484 1489 est,
2506 1425 2756 1478 latinissi-

1686 1507 1799 1543 mus
1829 1495 2140 1548 latinitatem
2180 1507 2359 1550 tuetur
2380 1501 2641 1553 adversus
2662 1519 2754 1556 nos

1687 1569 1958 1623 Graeculos
1979 1587 2046 1624 ne
2067 1574 2238 1627 dicam
2258 1579 2500 1640 anulos
2527 1594 2754 1646 propug-

1686 1659 1842 1698 nans:
1880 1650 1969 1715 qui
2005 1649 2255 1703 incedunt
2283 1650 2619 1707 suffarcinati
2636 1671 2754 1708 cam

1684 1723 1832 1775 libris
1854 1740 1969 1777 cum
1993 1731 2268 1794 sportulis:
2310 1739 2368 1781 et,
2398 1742 2592 1797 operto
2612 1737 2753 1800 capi·

1685 1803 1797 1852 tulo
1815 1803 1869 1854 iu
1894 1805 2237 1871 thermopolio
2273 1809 2502 1859 calidum
2523 1811 2715 1863 bibunt
2735 1829 2751 1862 :

1684 1893 1840 1931 meroe
1876 1883 2114 1935 alaudae:
2158 1900 2225 1936 ne
2263 1885 2432 1938 dicam
2469 1903 2750 1955 meropes:

1685 1957 1889 2022 quando
1932 1963 2227 2024 paucissimi
2262 1974 2383 2015 sunt
2423 1966 2515 2017 illa
2568 1975 2752 2019 vetere

1684 2032 1896 2085 Groecia
1928 2035 2085 2100 digni.
2149 2040 2501 2105 Hieronymus
2541 2057 2749 2110 qnoque

1682 2124 1976 2175 magnorum
2011 2116 2261 2167 maximus
2299 2119 2365 2169 ad
2401 2121 2659 2172 sunniam
2687 2129 2750 2175 et

1683 2185 1977 2241 Fretelam:
2011 2191 2029 2220 ‘
2050 2192 2166 2244 Nec
2189 2196 2334 2261 qnis‚'
2356 2198 2447 2260 ait,
2465 2202 2484 2228 ⁶
2507 2199 2744 2250 Latium

1680 2263 1906 2328 linguam
1945 2271 2356 2335 angustissimam
2400 2284 2559 2339 putet
2609 2277 2745 2344 quod

1680 2355 1781 2391 non
1822 2346 1983 2408 possit
2016 2350 2230 2400 verbum
2269 2353 2335 2402 de
2372 2356 2538 2405 verbo
2577 2361 2743 2420 trans·

1676 2415 1850 2471 ferre:
1902 2436 2018 2474 cum
2064 2427 2219 2478 etiam
2265 2430 2443 2482 Graeci
2488 2433 2744 2501 pleraque

1678 2503 1857 2547 nostra
1878 2498 2104 2553 circuitu
2124 2507 2476 2560 transferant:
2500 2519 2560 2561 et
2580 2512 2744 2564 verba

1679 2570 1962 2625 Hebraico..
1987 2592 2091 2628 uon
2125 2580 2581 2648 interpretationis
2615 2587 2742 2652 fide,

1675 2651 1764 2703 sed
1789 2653 1976 2718 lingua:
1998 2672 2104 2709 snae
2136 2664 2549 2727 proprietatibus
2570 2668 2738 2718 nitan-

1677 2735 1763 2778 tur
1783 2732 2110 2795 exprimere.’
2132 2737 2353 2789 Rufinus
2375 2747 2554 2791 tamen
2578 2744 2670 2794 lib.
2690 2749 2737 2795 1.

1674 2813 1858 2858 contra
1889 2809 2297 2877 Hieronymum:
2340 2818 2356 2845 ‘
2379 2817 2535 2870 Unde
2567 2828 2627 2872 et
2648 2836 2738 2873 nos

1672 2892 1892 2948 propter
1926 2900 2295 2953 paupertatem
2333 2893 2529 2960 lingum
2569 2905 2627 2949 et
2657 2913 2740 2950 re·

1673 2972 1784 3011 rum
1809 2964 2126 3015 novitatem:
2152 2975 2228 3029 et,
2252 2969 2386 3021 sicut
2407 2972 2732 3041 quidamgait,

1671 3036 1807 3101 quod
1823 3038 2124 3092 Graecorum
2138 3052 2195 3095 et
2209 3059 2378 3098 sermo
2401 3048 2563 3100 latior
2575 3060 2633 3102 et
2644 3053 2732 3105 liu-

1669 3127 1770 3177 σοι
1789 3113 1992 3167 felicior
2007 3117 2112 3169 sit.'
2133 3121 2237 3172 Sed
2255 3124 2463 3176 cuidam
2479 3129 2580 3180 hoc
2599 3130 2734 3183 Rufi-

1668 3205 1762 3241 nus
1785 3194 2000 3247 ascribit
2037 3205 2097 3246 ut
2135 3200 2276 3263 apud
2311 3216 2367 3252 se
2409 3217 2731 3271 suspectum.

1665 3268 1868 3323 Seneca
1888 3272 2367 3329 Controversiamm
2399 3280 2542 3333 libro
2562 3293 2727 3337 sexto.

1666 3345 1919 3398 (Graeca
1933 3352 2224 3402 sententias
2243 3354 2296 3403 in
2315 3355 2414 3407 lioc
2436 3357 2614 3411 refero
2632 3378 2649 3412 :
2673 3371 2728 3412 ut

1664 3423 1872 3486 possitis
1913 3428 2173 3480 msts‘mare
2211 3432 2436 3495 primum
2477 3453 2634 3500 qnam
2653 3441 2727 3491 fs-

1662 3500 1778 3550 cilis
1808 3501 2011 3553 Groecoe
2045 3505 2360 3571 eloquentia:
2395 3511 2450 3560 in
2489 3513 2723 3566 Latinum

1663 3578 1911 3631 transitus
1932 3581 2025 3632 sit:
2065 3590 2122 3633 et
2142 3593 2393 3650 qnantum
2410 3603 2567 3644 omne
2588 3593 2721 3658 qnod

1660 3653 1798 3706 bene
1821 3666 1998 3721 potest
2033 3660 2150 3711 dici.
2176 3676 2447 3716 commuue
2483 3671 2720 3723 omnibus

1658 3732 1901 3795 gentibus
1939 3735 2038 3786 sit:
2072 3737 2264 3791 deinde
2303 3748 2365 3792 ut
2405 3743 2620 3807 ingenia
2651 3749 2722 3801 ie·

1659 3809 1826 3873 geniis
1863 3810 2179 3865 conferatis:
2219 3822 2274 3865 et
2308 3820 2557 3882 cogitetis
2582 3825 2717 3876 Lati·

1656 3900 1774 3937 uam
1815 3887 2066 3952 linguam.
2087 3888 2351 3945 facultatis
2381 3911 2501 3949 nou
2557 3903 2716 3954 minas

1654 3962 1869 4027 habere,
1899 3964 2126 4019 licentia
2151 3969 2355 4021 miuus.’
2420 3973 2624 4029 Fronto
2644 3985 2713 4030 ta·

1653 4052 1771 4089 men
1811 4039 1950 4104 apud
2007 4041 2146 4093 Gell.
2182 4049 2234 4095 2.
2284 4044 2536 4101 Noctium
2579 4055 2713 4105 Atti·

1652 4129 1829 4166 carum
1853 4117 1962 4168 ait:
2000 4118 2157 4169 ‘Nou
2180 4120 2380 4175 inficias
2418 4125 2555 4179 imus
2593 4131 2710 4196 quin

1652 4191 1828 4257 lingna
1849 4193 2042 4245 Graeca
2075 4197 2324 4260 prolixior
2352 4198 2623 4271 finsiorqne
2642 4207 2709 4258 sit

1654 4286 1806 4335 quam
1841 4273 2055 4325 nostra.'
2121 4275 2373 4329 Frontoni
2408 4281 2599 4336 Cicero
2630 4300 2704 4337 re-

1651 4349 1841 4401 clamat
1881 4349 1959 4401 liis
1998 4352 2436 4410 'I'husculansrnm
2472 4365 2704 4427 questio-
