3009 4925
508 510 575 557 ι’.
624 506 978 557 nocnerit
1026 503 1206 555 οΑιιι
1257 506 1355 555 1³13
1404 505 1668 555 numm
1718 505 1898 557 nm.
1947 506 2094 560 mn.
2141 506 2220 555 11.
2306 493 2478 560 1171

290 652 545 718 epistola:
581 651 657 702 sic
678 650 819 701 enim
853 650 966 701 sine
1002 650 1157 701 dnbio
1193 650 1352 701 scribi

290 731 473 792 debet,
503 731 766 780 adolescens
782 727 1037 794 (inquam)
1056 736 1108 778 et
1128 730 1349 793 epistota.-

293 814 355 858 et
396 813 575 857 errant
615 806 703 870 qni
725 805 894 855 'aliter
928 805 1199 855 scribunt·
1234 807 1350 854 ‘rn-

292 882 492 934 bnstis’
514 896 608 947 pro
631 881 921 942 robustis,‘
940 880 1220 931 rutondns'
1254 895 1349 945 pro

292 958 596 1019 rotundusf
615 956 791 1006 cibus’
812 970 908 1030 pro
931 956 1132 1018 cibos,‘
1146 954 1347 1007 cumes’

289 1049 396 1099 pro
438 1047 629 1104 comes,
666 1036 767 1082 ὅτε.
808 1038 864 1081 et
900 1037 1133 1081 contra‘
1145 1029 1347 1081 aviom’

288 1125 391 1175 pro
409 1110 601 1173 avium,
624 1107 921 1159 ‘ciendom'
963 1122 1057 1173 pro
1091 1107 1351 1170 ciendum,

290 1185 556 1236 ‘soboles'
608 1199 706 1250 pro
761 1183 998 1233 suboles:
1064 1183 1081 1211 ‘
1103 1183 1311 1233 suboles
1336 1182 1352 1205 '

287 1264 431 1314 euim
460 1261 752 1325 dicendum,
782 1274 884 1309 non
906 1260 923 1288 ‘
942 1259 1183 1311 soboles!
1245 1260 1345 1310 Sed

284 1346 354 1391 nt
375 1340 442 1390 ad
462 1340 769 1406 scripturam
790 1339 931 1389 illam
967 1338 1228 1403 antiquam
1269 1353 1347 1388 re·

288 1416 468 1479 deam,
497 1416 705 1468 videtur
722 1415 846 1465 mibi
876 1414 951 1466 sic
981 1414 1167 1465 leviter
1205 1413 1347 1478 adju-

284 1493 481 1557 vanda,
536 1492 831 1557 Ver-meisque
880 1490 1104 1555 effervere
1172 1496 1350 1541 ten-nm

283 1570 427 1637 (sire
448 1570 601 1633 terra)
618 1568 975 1632 Intempestivos
1008 1581 1149 1631 qaam
1180 1572 1350 1630 pat-ror

283 1647 416 1711 oepit
457 1647 515 1698 ob
550 1645 757 1696 fimbreis.
789 1644 965 1696 hamb.
1029 1643 1115 1694 Sic
1146 1644 1348 1694 restitui

285 1739 361 1775 ex
397 1723 657 1774 veteribus
696 1721 857 1772 libris.
921 1720 1057 1770 Vide
1079 1719 1346 1771 Iudicem:

279 1800 300 1829 ⁸
322 1798 630 1851 Effer-vere!
684 1795 931 1862 Vulgati:
966 1796 1209 1862 effervere,
1248 1802 1346 1846 ter-

284 1892 398 1927 rani
418 1876 776 1941 Intempestivos
808 1889 931 1937 cans,
962 1889 1074 1938 sen,
1107 1882 1168 1924 nt
1197 1875 1347 1926 um-

284 1953 463 2018 binus,
482 1969 645 2018 quesn·
676 1953 811 2003 male
833 1952 1020 2002 omnia.
1057 1951 1166 2013 Gis.

352 2033 453 2080 929
486 2030 569 2078 Ea·
605 2043 698 2078 non
731 2028 939 2078 sensibus
976 2028 1157 2092 sensus]
1200 2028 1345 2080 Libri

282 2119 543 2156 rnanuscr.
567 2112 676 2155 tres
696 2104 905 2168 babent,
937 2119 999 2155 ex
1024 2119 1117 2154 non
1135 2105 1347 2155 sensibus

281 2197 465 2240 sensns,
490 2196 641 2247 qnam
666 2181 975 2245 scripturam
998 2180 1175 2245 probo.
1242 2181 1343 2231 Sed

284 2260 520 2323 vulgata,
563 2273 626 2308 ea:
660 2272 753 2307 non
804 2257 987 2319 sensile,
1032 2256 1238 2308 facilior
1287 2266 1345 2309 et

281 2335 495 2401 planior
526 2340 622 2385 est.
655 2331 820 2383 Imnb.
887 2333 970 2381 Ea·
1005 2348 1099 2382 non
1135 2332 1346 2383 sensibus

283 2410 620 2463 sensns.1ta
643 2424 710 2459 ex
732 2409 994 2459 veteribus
1017 2408 1344 2475 quibusdam,

281 2495 346 2538 nt
368 2502 521 2538 mox·
507 2524 522 2536 .
553 2502 646 2537 non
666 2501 818 2536 sensu.
850 2485 1122 2548 Marullus,
1145 2493 1201 2537 et
1227 2488 1344 2537 an-

282 2566 430 2629 gati:
463 2579 558 2613 non
577 2565 757 2614 sensiie.
791 2561 902 2613 Gif.
961 2562 1104 2626 Ὓφὲν
1124 2572 1180 2613 nt
1201 2564 1347 2627 alibi,

281 2641 324 2691 i.
345 2656 394 2690 e.
418 2654 487 2690 ex
505 2638 732 2689 insensili
753 2638 895 2702 gigni
917 2639 1122 2688 sensile.
1157 2641 1173 2666 ‘
1191 2638 1344 2691 Quod

280 2718 328 2766 si
350 2715 492 2773 sorte
512 2714 695 2780 aliquis
732 2714 895 2778 dicet,
929 2714 1184 2764 duntaxat
1221 2715 1347 2766 oriri

281 2793 453 2843 Posse
472 2807 540 2843 ex
561 2806 663 2842 non
695 2806 852 2842 sensu
885 2806 1084 2857 sensus,
1111 2790 1203 2841 sed
1238 2807 1344 2842 mo-

280 2868 524 2920 bilitate:
562 2868 678 2919 Feb.

345 2949 447 2995 980
483 2946 622 3002 Quod
639 2945 685 2994 si
709 2943 842 3005 forte
876 2944 1069 3010 aliquis]
1101 2944 1346 3012 Occupat

280 3021 444 3086 aliud,
474 3022 610 3090 qnod
633 3022 743 3088 quis
767 3022 995 3086 objicere
1015 3023 1196 3088 possit.
1238 3024 1342 3074 Sed

277 3099 428 3162 prius
451 3112 604 3164 qnam
628 3097 763 3147 hune
807 3099 996 3161 locum,
1034 3113 1158 3150 saue
1193 3115 1343 3165 qnam

280 3172 546 3225 difficilem
569 3181 726 3238 atque
751 3173 1044 3240 obscurum,
1080 3177 1344 3239 explicare

280 3266 345 3302 ae
366 3250 642 3302 declarare
663 3264 837 3313 coner,
857 3264 961 3300 non
984 3252 1171 3305 celabo.
1190 3254 1342 3317 hujus

280 3329 456 3379 tertiae
476 3328 720 3377 editionis
742 3328 1010 3389 lectorem,
1042 3341 1126 3377 me
1156 3327 1210 3376 in
1241 3329 1342 3392 pri-

276 3421 365 3456 ma
385 3406 614 3456 editione
638 3412 870 3455 secutum
907 3419 1018 3455 esse
1041 3404 1198 3455 libros
1234 3408 1342 3455 vul-

278 3488 448 3546 gatos,
477 3483 565 3545 qui
609 3481 685 3533 sie
723 3480 937 3544 habent,
974 3482 1112 3538 Quod
1143 3480 1345 3542 siforte

274 3559 452 3623 «liquis
490 3559 617 3609 dicet
656 3559 893 3607 duntaxat
931 3558 1053 3607 oriri
1096 3558 1245 3609 Posse
1282 3573 1345 3608 ex

274 3647 768 3685 nonsensusenssnn:
799 3633 882 3681 sed
918 3632 1180 3683 mobilitate
1216 3634 1344 3684 Ante

275 3711 439 3775 otique
459 3709 598 3771 tongi
616 3713 823 3772 partuum
846 3723 984 3771 quom
1008 3710 1230 3773 proditur
1259 3726 1342 3760 ex·

274 3793 388 3838 tra.-
422 3802 573 3853 quam
620 3787 696 3835 sic
733 3785 1090 3850 explicabam:
1134 3787 1189 3835 Si
1228 3787 1341 3852 quis

274 3863 413 3919 forte
455 3864 618 3925 dicet,
669 3861 887 3929 (inquit)
932 3877 1082 3926 posse
1136 3879 1340 3929 sensum

275 3940 402 3991 oriri
423 3954 489 3989 ex
514 3952 616 3988 non
639 3950 815 3998 sensu,
850 3936 885 3986 i.
925 3950 974 3985 e.
1009 3951 1073 3986 ex
1101 3952 1164 3988 eo
1203 3937 1340 4004 qnod

274 4016 345 4066 ait
368 4028 553 4064 sensns
591 4025 808 4075 expers:
842 4010 933 4060 sed
975 4018 1177 4076 partum
1219 4023 1342 4064 ante

273 4105 430 4156 quarn
466 4088 693 4157 prodeat
733 4086 785 4136 in
831 4087 1018 4151 lucem,
1052 4090 1340 4142 mobilitate

272 4166 468 4232 aliqua,
501 4163 762 4224 videlicet,
794 4176 911 4227 quae
948 4165 1072 4215 insit
1105 4165 1159 4214 in
1204 4167 1342 4231 prin-

273 4242 450 4308 cipiis,
486 4239 633 4303 tangi
668 4245 827 4302 atque
866 4236 1019 4303 affici,
1044 4244 1145 4292 διο.
1169 4243 1341 4292 admo·

270 4320 444 4375 unisse
467 4325 641 4371 tamen
664 4314 935 4378 lectorem,
956 4316 1091 4368 bunc
1116 4333 1337 4379 versum,

1424 659 1480 703 et
1522 653 1760 716 alterum,
1807 653 1896 718 qni
1931 652 2180 719 deinceps
2234 653 2482 719 seqnitur,

1423 729 1574 792 longe
1616 728 1769 780 aliter
1809 729 2031 793 scriptos
2071 743 2185 780 csse
2232 730 2285 780 in
2329 729 2478 780 libris

1374 803 1804 868 ·manuscriptis‚
1870 818 2061 868 nempe
2129 804 2227 856 boc
2292 803 2480 855 modo:

1422 880 1574 930 Posse
1591 895 1648 930 ea
1665 895 1762 930 non
1777 894 1933 943 sensu,
1960 894 2119 930 senus
2143 880 2479 943 mabilitnte,

1423 959 1525 1007 Ant
1561 958 1719 1020 aliquo
1748 962 1970 1021 tanquan·
2005 964 2165 1021 parta,
2205 959 2326 1022 qnod
2364 973 2476 1023 pro-

1418 1034 1727 1085 ditur-extra.
1790 1036 1943 1086 Hanc
1975 1035 2136 1099 igitur
2170 1036 2479 1100 scripturam

1418 1123 1555 1160 nunc
1601 1124 1809 1174 sequor,
1843 1110 2044 1175 rejecta
2080 1110 2310 1174 vulgata,
2339 1110 2477 1174 ejns·

1419 1200 1523 1253 que
1558 1187 1904 1251 explicatione
1945 1194 2001 1238 et
2041 1188 2316 1239 sententia.
2381 1189 2479 1240 At-

1420 1278 1523 1329 qne
1543 1265 1677 1314 banc
1694 1265 1858 1328 ipsam
1873 1265 2139 1329 antiquam
2152 1266 2226 1315 sic
2243 1266 2476 1330 explico:

1420 1338 1573 1391 Quod
1596 1339 1641 1388 si
1661 1337 1798 1390 forte
1826 1340 2011 1404 aliquis
2044 1340 2203 1404 dicet,
2238 1355 2323 1402 ea,
2354 1349 2480 1406 puta

1420 1414 1608 1479 pullos,
1639 1415 1876 1478 vermeis,
1894 1418 1910 1444 ‘
1924 1429 1990 1465 ex
2011 1430 2113 1466 non
2135 1430 2286 1467 sensu
2300 1417 2315 1439 ’
2333 1417 2408 1484 (11.
2431 1431 2481 1470 e.

1421 1502 1488 1539 ex
1533 1490 1898 1557 insensilitate)
1952 1493 2095 1553 oriri,
2147 1508 2245 1558 per
2296 1508 2476 1544 sensns

1419 1566 1842 1631 mutabilitatem,
1887 1576 1997 1633 aut,
2036 1570 2201 1619 veluti
2246 1584 2340 1634 per
2386 1572 2477 1621 ali·

1420 1657 1574 1707 quem
1615 1652 1840 1709 partum,
1880 1645 1972 1710 qui
2015 1644 2254 1709 proditur
2289 1653 2475 1708 extra;

1419 1719 1539 1770 huic
1592 1721 1900 1785 respondeo,
1951 1737 2067 1773 cum
2116 1722 2332 1774 dicimus
2395 1738 2477 1773 res

1418 1797 1540 1847 oriri
1565 1812 1632 1847 ex
1654 1798 1939 1862 principiis,
1971 1812 2071 1848 non
2108 1812 2217 1848 esse
2251 1805 2477 1863 partum,

1419 1887 1518 1924 nec
1541 1874 1652 1924 fieri
1677 1882 1901 1940 partum,
1935 1873 2030 1924 nisi
2055 1874 2320 1939 principiis
2354 1881 2478 1925 ante

1418 1950 1730 2015 congressis:
1757 1965 1854 2001 nec
1874 1951 2128 2016 principia
2149 1966 2246 2002 nee
2268 1953 2478 2003 omnino

1418 2028 1688 2098 quicquam
1732 2029 1918 2078 mutari
1958 2028 2069 2079 sine
2112 2029 2476 2093 principiorum

1418 2110 1557 2154 coetu
1580 2111 1637 2155 et
1672 2119 1970 2169 congressu.
2033 2105 2137 2155 Sed
2179 2103 2265 2172 (ut
2305 2105 2477 2156 dicam

1419 2179 1557 2244 quod
1578 2179 1774 2247 sentio)
1805 2182 2014 2233 videtur
2046 2181 2167 2231 mihi
2198 2182 2310 2233 boee
2347 2182 2481 2231 anti-

1419 2272 1525 2322 qua
1544 2257 1807 2323 scriptura
1844 2273 1946 2309 non
1988 2259 2114 2309 satis
2155 2258 2377 2322 integra,
2420 2265 2481 2309 et

1417 2335 1518 2385 hoc
1557 2334 1709 2386 modo
1751 2335 2190 2388 reconcinnandaz
2249 2336 2386 2392 Quod
2435 2337 2483 2385 si

1408 2410 1543 2473 forte
1574 2412 1749 2477 aliquis
1767 2413 1892 2464 dicet
1922 2415 2155 2464 dianam
2187 2412 2309 2460 oriri
2329 2412 2480 2462 Posse

1418 2504 1589 2539 exnon
1608 2504 1745 2540 sensa
1773 2506 1975 2554 sensum,
2004 2488 2319 2540 nascibilitate
2347 2488 2480 2539 Ante

1417 2564 1595 2626 aliqua,
1615 2569 1837 2628 tanquam
1864 2570 2075 2629 partun,
2104 2566 2225 2626 quod
2258 2565 2479 2627 proditur

1417 2644 1593 2689 extra.-
1628 2640 1710 2689 vel
1738 2641 2196 2703 Tonqnmpnrtus
2212 2654 2349 2702 quom
2364 2654 2476 2702 pro-

1418 2715 1550 2764 ditur
1569 2720 1727 2779 extro,
1759 2717 1842 2765 vel
1882 2717 2034 2773 Quam
2066 2714 2287 2778 prosim
2318 2720 2480 2767 extra.

1419 2798 1479 2841 nt
1516 2792 1585 2841 sit
1617 2792 1701 2843 hic
1723 2792 1960 2842 Lucretii
1995 2806 2203 2842 sensus:
2240 2791 2394 2843 Quod
2433 2784 2478 2842 si

1416 2865 1556 2918 forte
1580 2867 1766 2934 aliquis
1787 2868 1949 2931 dicet,
1981 2868 2238 2919 duntaxat
2271 2882 2477 2920 sensnm

1418 2958 1484 2995 ex
1507 2960 1572 2996 eo
1595 2945 1729 3011 quod
1752 2960 1857 2996 non
1878 2953 1960 2996 est
1979 2959 2179 3008 sensus,
2211 2959 2303 2997 seu
2337 2944 2480 3009 quod

1417 3036 1571 3072 sensu
1615 3029 1782 3086 caret,
1814 3023 1937 3073 oriri
1973 3038 2145 3088 posse,
2179 3037 2275 3088 per
2312 3030 2478 3075 muta-

1417 3098 1674 3151 bilitatem
1737 3100 2161 3165 (principiorum)
2210 3105 2481 3162 antegres-

1414 3190 1543 3239 sam,
1560 3175 1988 3240 quemadmodum
2008 3184 2188 3239 partus
2209 3188 2304 3238 per
2319 3188 2481 3237 quan-

1416 3251 1536 3301 dam
1575 3251 1974 3301 mutabilitatem
2006 3252 2170 3301 oritur
2207 3263 2273 3297 ex
2307 3248 2478 3298 insen·

1416 3327 1531 3378 sili:
1565 3328 1683 3377 hnic
1723 3326 2031 3390 respondeo,
2059 3339 2164 3375 non
2209 3324 2321 3374 fieri
2361 3338 2480 3386 par·

1417 3411 1547 3466 tum,
1578 3402 1678 3452 nisi
1722 3402 1989 3468 principiis
2025 3407 2145 3452 ante
2186 3399 2480 3450 conciliatis

1417 3487 1477 3533 et
1495 3478 1711 3541 coactis,
1744 3492 1841 3529 nec
1863 3478 2137 3543 quicquam
2155 3476 2478 3536 commutari,

1415 3555 1516 3605 nisi
1580 3569 1676 3619 per
1729 3554 2143 3617 congressionem
2197 3551 2475 3617 primorum

1415 3647 1709 3696 corporum,
1739 3640 1794 3682 et
1815 3632 1930 3695 ipsa
1951 3632 2117 3696 prima
2136 3644 2353 3693 corpora
2383 3643 2475 3692 per

1417 3723 1474 3759 se
1497 3724 1611 3759 esse
1634 3708 1992 3759 immutabilia.
2028 3709 2194 3759 Lame».

1430 3791 1568 3837 ,931
1608 3788 1758 3838 Posse
1781 3802 1834 3837 eu
1859 3802 1954 3837 non
1975 3802 2135 3850 sensu,
2157 3799 2319 3836 sensus
2370 3798 2472 3833 nin·

1418 3863 1680 3928 tabilitate]
1714 3865 1796 3915 Ita
1822 3865 1873 3914 in
1898 3863 2161 3913 veteribus
2192 3861 2339 3911 libris
2355 3875 2473 3910 nos-

1417 3940 1533 3991 tris.
1600 3941 1664 3993 Iu
1718 3940 2060 4007 quibusdamt
2105 3954 2241 4004 posse
2295 3953 2378 4001 ex,
2418 3945 2474 3987 et

1411 4017 1675 4079 proditum,
1707 4016 1963 4067 suadente
1997 4015 2155 4069 etiam
2193 4015 2474 4075 sententia,

1415 4099 1471 4144 et
1522 4094 1751 4144 versibus
1794 4092 2234 4159 subsequentibus
2290 4091 2476 4156 quibus

1414 4169 1761 4233 respondetur
1813 4169 1935 4219 buic
1995 4168 2297 4233 objectioni.
2367 4165 2479 4224 Gir.

1413 4244 1545 4294 Ante
1565 4245 1726 4308 aliqua
1746 4249 1968 4308 tunquam
1980 4249 2343 4308 Μυκήνη
2362 4256 2471 4303 pro·

1412 4321 1546 4375 ditur
1560 4327 1719 4373 extra.
1783 4321 1917 4373 Haec
1939 4319 2096 4371 lectio
2120 4316 2352 4369 Lambini
2374 4322 2473 4367 est.
