<?xml version="1.0" encoding="UTF-8"?>
<!DOCTYPE html PUBLIC "-//W3C//DTD XHTML 1.0 Transitional//EN"
    "http://www.w3.org/TR/xhtml1/DTD/xhtml1-transitional.dtd">
<html xmlns="http://www.w3.org/1999/xhtml" xml:lang="en" lang="en">
 <head>
  <title>
</title>
<meta http-equiv="Content-Type" content="text/html;charset=utf-8" />
  <meta name='ocr-system' content='tesseract 3.04.00' />
  <meta name='ocr-capabilities' content='ocr_page ocr_carea ocr_par ocr_line ocrx_word'/>
</head>
<body>
  <div class='ocr_page' id='page_1' title='image "./dererumnaturali01unkngoog_0320.png"; bbox 0 0 3009 4925; ppageno 0'>
   <div class='ocr_carea' id='block_1_1' title="bbox 530 396 2041 465">
    <p class='ocr_par' dir='ltr' id='par_1_1' title="bbox 530 396 2041 465">
     <span class='ocr_line' id='line_1_1' title="bbox 530 396 2041 465; baseline -0.002 0"><span class='ocrx_word' id='word_1_1' title='bbox 530 396 665 465; x_wconf 81' lang='lat'><strong>882</strong></span> <span class='ocrx_word' id='word_1_2' title='bbox 1151 435 1154 440; x_wconf 94' lang='lat'>-</span> <span class='ocrx_word' id='word_1_3' title='bbox 1239 410 1457 460; x_wconf 58' lang='grc' dir='ltr'><strong>κους</strong></span> <span class='ocrx_word' id='word_1_4' title='bbox 1507 409 1909 459; x_wconf 70' lang='lat' dir='ltr'><strong>vAmouuu</strong></span> <span class='ocrx_word' id='word_1_5' title='bbox 1962 414 2041 462; x_wconf 75' lang='lat' dir='ltr'><strong>m</strong></span> 
     </span>
    </p>
   </div>
   <div class='ocr_carea' id='block_1_2' title="bbox 528 555 1596 1932">
    <p class='ocr_par' dir='ltr' id='par_1_2' title="bbox 528 555 1596 1932">
     <span class='ocr_line' id='line_1_2' title="bbox 530 555 1595 622; baseline -0.005 -12"><span class='ocrx_word' id='word_1_6' title='bbox 530 561 616 611; x_wconf 79' lang='lat' dir='ltr'><strong>hic</strong></span> <span class='ocrx_word' id='word_1_7' title='bbox 639 573 817 610; x_wconf 76' lang='lat' dir='ltr'><strong>versus</strong></span> <span class='ocrx_word' id='word_1_8' title='bbox 839 558 1041 621; x_wconf 86' lang='lat' dir='ltr'><strong>abesse,</strong></span> <span class='ocrx_word' id='word_1_9' title='bbox 1076 555 1174 607; x_wconf 84' lang='lat' dir='ltr'><strong>uisi</strong></span> <span class='ocrx_word' id='word_1_10' title='bbox 1196 556 1333 608; x_wconf 79' lang='lat' dir='ltr'><strong>forte</strong></span> <span class='ocrx_word' id='word_1_11' title='bbox 1356 556 1595 622; x_wconf 81' lang='lat' dir='ltr'><strong>cuiquam</strong></span> 
     </span>
     <span class='ocr_line' id='line_1_3' title="bbox 532 633 1595 700; baseline -0.007 -12"><span class='ocrx_word' id='word_1_12' title='bbox 532 638 718 688; x_wconf 87' lang='lat' dir='ltr'><strong>durum</strong></span> <span class='ocrx_word' id='word_1_13' title='bbox 741 636 890 686; x_wconf 87' lang='lat' dir='ltr'><strong>nimis</strong></span> <span class='ocrx_word' id='word_1_14' title='bbox 913 635 1167 697; x_wconf 80' lang='lat' dir='ltr'><strong>videatur,</strong></span> <span class='ocrx_word' id='word_1_15' title='bbox 1190 635 1327 700; x_wconf 85' lang='lat' dir='ltr'><strong>quod</strong></span> <span class='ocrx_word' id='word_1_16' title='bbox 1351 641 1456 684; x_wconf 83' lang='lat' dir='ltr'><strong>tam</strong></span> <span class='ocrx_word' id='word_1_17' title='bbox 1478 633 1595 682; x_wconf 86' lang='lat' dir='ltr'><strong>sim·</strong></span> 
     </span>
     <span class='ocr_line' id='line_1_4' title="bbox 531 714 1596 780; baseline -0.007 -15"><span class='ocrx_word' id='word_1_18' title='bbox 531 716 777 780; x_wconf 80' lang='lat' dir='ltr'><strong>pliciter:</strong></span> <span class='ocrx_word' id='word_1_19' title='bbox 811 714 1024 777; x_wconf 81' lang='lat' dir='ltr'><strong>‘lepore</strong></span> <span class='ocrx_word' id='word_1_20' title='bbox 1065 717 1222 776; x_wconf 75' lang='lat' dir='ltr'><strong>capta</strong></span> <span class='ocrx_word' id='word_1_21' title='bbox 1254 725 1473 776; x_wconf 75' lang='lat' dir='ltr'><strong>quaeque</strong></span> <span class='ocrx_word' id='word_1_22' title='bbox 1507 725 1596 774; x_wconf 84' lang='lat' dir='ltr'><strong>pe-</strong></span> 
     </span>
     <span class='ocr_line' id='line_1_5' title="bbox 532 788 1595 854; baseline -0.008 -12"><span class='ocrx_word' id='word_1_23' title='bbox 532 805 625 842; x_wconf 87' lang='lat' dir='ltr'><strong>cus</strong></span> <span class='ocrx_word' id='word_1_24' title='bbox 643 790 659 813; x_wconf 89' lang='lat'>’</span> <span class='ocrx_word' id='word_1_25' title='bbox 694 790 899 841; x_wconf 80' lang='lat' dir='ltr'><strong>dicutur</strong></span> <span class='ocrx_word' id='word_1_26' title='bbox 920 788 1065 854; x_wconf 84' lang='lat' dir='ltr'><strong>sequi</strong></span> <span class='ocrx_word' id='word_1_27' title='bbox 1088 789 1363 851; x_wconf 76' lang='lat' dir='ltr'>Venerem,</span> <span class='ocrx_word' id='word_1_28' title='bbox 1386 802 1485 838; x_wconf 92' lang='lat' dir='ltr'><strong>nec</strong></span> <span class='ocrx_word' id='word_1_29' title='bbox 1506 800 1595 835; x_wconf 88' lang='lat' dir='ltr'><strong>ex-</strong></span> 
     </span>
     <span class='ocr_line' id='line_1_6' title="bbox 532 865 1507 935; baseline -0.003 -16"><span class='ocrx_word' id='word_1_30' title='bbox 532 883 713 935; x_wconf 81' lang='lat' dir='ltr'><strong>presse</strong></span> <span class='ocrx_word' id='word_1_31' title='bbox 733 874 926 934; x_wconf 76' lang='lat' dir='ltr'><strong>puteat,</strong></span> <span class='ocrx_word' id='word_1_32' title='bbox 959 881 1062 931; x_wconf 85' lang='lat' dir='ltr'><strong>quo</strong></span> <span class='ocrx_word' id='word_1_33' title='bbox 1085 865 1301 929; x_wconf 86' lang='lat' dir='ltr'><strong>lepore?</strong></span> <span class='ocrx_word' id='word_1_34' title='bbox 1334 866 1507 927; x_wconf 66' lang='lat' dir='ltr'><strong>Pren‘g.</strong></span> 
     </span>
     <span class='ocr_line' id='line_1_7' title="bbox 598 940 1596 1010; baseline -0.005 -14"><span class='ocrx_word' id='word_1_35' title='bbox 598 950 661 997; x_wconf 80' lang='lat'><strong>1⁷</strong></span> <span class='ocrx_word' id='word_1_36' title='bbox 689 943 951 1007; x_wconf 75' lang='lat' dir='ltr'><strong>Quomque]</strong></span> <span class='ocrx_word' id='word_1_37' title='bbox 975 943 1043 996; x_wconf 83' lang='lat' dir='ltr'><strong>Q.</strong></span> <span class='ocrx_word' id='word_1_38' title='bbox 1064 957 1111 992; x_wconf 82' lang='lat' dir='ltr'><strong>v.</strong></span> <span class='ocrx_word' id='word_1_39' title='bbox 1132 957 1340 1010; x_wconf 59' lang='lat' dir='ltr'><strong>emaque.</strong></span> <span class='ocrx_word' id='word_1_40' title='bbox 1359 940 1442 1008; x_wconf 89' lang='lat' dir='ltr'><strong>(ut</strong></span> <span class='ocrx_word' id='word_1_41' title='bbox 1462 942 1596 992; x_wconf 82' lang='lat' dir='ltr'><strong>Flor.</strong></span> 
     </span>
     <span class='ocr_line' id='line_1_8' title="bbox 533 1018 1594 1087; baseline -0.006 -14"><span class='ocrx_word' id='word_1_42' title='bbox 533 1030 589 1073; x_wconf 87' lang='lat' dir='ltr'><strong>et</strong></span> <span class='ocrx_word' id='word_1_43' title='bbox 607 1020 781 1087; x_wconf 85' lang='lat' dir='ltr'><strong>Bodl.)</strong></span> <span class='ocrx_word' id='word_1_44' title='bbox 807 1022 915 1082; x_wconf 65' lang='lat' dir='ltr'><strong>Gis.</strong></span> <span class='ocrx_word' id='word_1_45' title='bbox 956 1021 1074 1070; x_wconf 90' lang='lat' dir='ltr'><strong>Duo</strong></span> <span class='ocrx_word' id='word_1_46' title='bbox 1098 1018 1215 1069; x_wconf 82' lang='lat' dir='ltr'>libri</span> <span class='ocrx_word' id='word_1_47' title='bbox 1237 1018 1594 1083; x_wconf 85' lang='lat' dir='ltr'><strong>manuscripti,</strong></span> 
     </span>
     <span class='ocr_line' id='line_1_9' title="bbox 532 1093 1593 1160; baseline -0.008 -10"><span class='ocrx_word' id='word_1_48' title='bbox 532 1106 591 1150; x_wconf 87' lang='lat' dir='ltr'><strong>et</strong></span> <span class='ocrx_word' id='word_1_49' title='bbox 627 1112 810 1149; x_wconf 83' lang='lat' dir='ltr'><strong>novem</strong></span> <span class='ocrx_word' id='word_1_50' title='bbox 846 1096 1105 1160; x_wconf 77' lang='lat' dir='ltr'>impressi,</span> <span class='ocrx_word' id='word_1_51' title='bbox 1150 1093 1345 1144; x_wconf 86' lang='lat' dir='ltr'><strong>habent</strong></span> <span class='ocrx_word' id='word_1_52' title='bbox 1379 1109 1593 1158; x_wconf 74' lang='lat' dir='ltr'><strong>quocum-</strong></span> 
     </span>
     <span class='ocr_line' id='line_1_10' title="bbox 529 1170 1594 1240; baseline -0.003 -16"><span class='ocrx_word' id='word_1_53' title='bbox 529 1189 622 1240; x_wconf 72' lang='lat' dir='ltr'><strong>que</strong></span> <span class='ocrx_word' id='word_1_54' title='bbox 636 1191 652 1224; x_wconf 86' lang='grc'><strong>.·</strong></span> <span class='ocrx_word' id='word_1_55' title='bbox 676 1179 892 1238; x_wconf 85' lang='lat' dir='ltr'><strong>utraque</strong></span> <span class='ocrx_word' id='word_1_56' title='bbox 915 1172 1171 1236; x_wconf 82' lang='lat' dir='ltr'><strong>scriptura</strong></span> <span class='ocrx_word' id='word_1_57' title='bbox 1195 1170 1474 1236; x_wconf 70' lang='lat' dir='ltr'><strong>probabilis</strong></span> <span class='ocrx_word' id='word_1_58' title='bbox 1496 1179 1594 1221; x_wconf 81' lang='lat' dir='ltr'><strong>est.</strong></span> 
     </span>
     <span class='ocr_line' id='line_1_11' title="bbox 530 1235 1595 1313; baseline -0.004 -11"><span class='ocrx_word' id='word_1_59' title='bbox 530 1251 703 1302; x_wconf 71' lang='lat' dir='ltr'><strong>lamb.</strong></span> <span class='ocrx_word' id='word_1_60' title='bbox 773 1235 1072 1313; x_wconf 55' lang='lat' dir='ltr'><strong>Quocunque,</strong></span> <span class='ocrx_word' id='word_1_61' title='bbox 1097 1249 1160 1299; x_wconf 86' lang='lat' dir='ltr'><strong>B.</strong></span> <span class='ocrx_word' id='word_1_62' title='bbox 1183 1255 1239 1298; x_wconf 86' lang='lat' dir='ltr'><strong>et</strong></span> <span class='ocrx_word' id='word_1_63' title='bbox 1259 1247 1364 1298; x_wconf 83' lang='lat' dir='ltr'><strong>alii.</strong></span> <span class='ocrx_word' id='word_1_64' title='bbox 1399 1250 1595 1299; x_wconf 73' lang='lat' dir='ltr'><strong>Creech.</strong></span> 
     </span>
     <span class='ocr_line' id='line_1_12' title="bbox 531 1324 1593 1390; baseline -0.001 -14"><span class='ocrx_word' id='word_1_65' title='bbox 531 1329 754 1379; x_wconf 81' lang='lat' dir='ltr'><strong>Videtur</strong></span> <span class='ocrx_word' id='word_1_66' title='bbox 774 1329 874 1377; x_wconf 87' lang='lat' dir='ltr'><strong>huc</strong></span> <span class='ocrx_word' id='word_1_67' title='bbox 899 1327 1079 1378; x_wconf 88' lang='lat' dir='ltr'><strong>oculos</strong></span> <span class='ocrx_word' id='word_1_68' title='bbox 1102 1324 1475 1390; x_wconf 72' lang='lat' dir='ltr'><strong>quodammodo</strong></span> <span class='ocrx_word' id='word_1_69' title='bbox 1508 1328 1593 1376; x_wconf 77' lang='lat' dir='ltr'><strong>lia-</strong></span> 
     </span>
     <span class='ocr_line' id='line_1_13' title="bbox 532 1403 1591 1466; baseline -0.004 -9"><span class='ocrx_word' id='word_1_70' title='bbox 532 1406 703 1457; x_wconf 86' lang='lat' dir='ltr'><strong>buisse</strong></span> <span class='ocrx_word' id='word_1_71' title='bbox 721 1405 1039 1466; x_wconf 62' lang='lat' dir='ltr'><strong>lactantius,</strong></span> <span class='ocrx_word' id='word_1_72' title='bbox 1058 1403 1289 1453; x_wconf 84' lang='lat' dir='ltr'><strong>scribens</strong></span> <span class='ocrx_word' id='word_1_73' title='bbox 1311 1406 1360 1453; x_wconf 84' lang='grc'><strong>2.</strong></span> <span class='ocrx_word' id='word_1_74' title='bbox 1376 1408 1424 1452; x_wconf 82' lang='grc'><strong>6.</strong></span> <span class='ocrx_word' id='word_1_75' title='bbox 1447 1405 1462 1432; x_wconf 88' lang='lat'>‘</span> <span class='ocrx_word' id='word_1_76' title='bbox 1478 1404 1591 1453; x_wconf 80' lang='lat' dir='ltr'><strong>Cae-</strong></span> 
     </span>
     <span class='ocr_line' id='line_1_14' title="bbox 529 1480 1593 1545; baseline -0.004 -10"><span class='ocrx_word' id='word_1_77' title='bbox 529 1491 699 1535; x_wconf 84' lang='lat' dir='ltr'><strong>terum</strong></span> <span class='ocrx_word' id='word_1_78' title='bbox 738 1484 780 1533; x_wconf 86' lang='lat' dir='ltr'><strong>si</strong></span> <span class='ocrx_word' id='word_1_79' title='bbox 819 1482 913 1532; x_wconf 91' lang='lat' dir='ltr'><strong>Dii</strong></span> <span class='ocrx_word' id='word_1_80' title='bbox 952 1486 1144 1544; x_wconf 86' lang='lat' dir='ltr'><strong>essent,</strong></span> <span class='ocrx_word' id='word_1_81' title='bbox 1178 1480 1277 1530; x_wconf 86' lang='lat' dir='ltr'><strong>huc</strong></span> <span class='ocrx_word' id='word_1_82' title='bbox 1297 1481 1593 1545; x_wconf 84' lang='lat' dir='ltr'><strong>atqueilluc</strong></span> 
     </span>
     <span class='ocr_line' id='line_1_15' title="bbox 529 1555 1592 1624; baseline -0.005 -14"><span class='ocrx_word' id='word_1_83' title='bbox 529 1561 723 1624; x_wconf 74' lang='lat' dir='ltr'><strong>passim</strong></span> <span class='ocrx_word' id='word_1_84' title='bbox 759 1560 871 1609; x_wconf 85' lang='lat' dir='ltr'><strong>sine</strong></span> <span class='ocrx_word' id='word_1_85' title='bbox 904 1558 1007 1607; x_wconf 79' lang='lat' dir='ltr'><strong>ullu</strong></span> <span class='ocrx_word' id='word_1_86' title='bbox 1043 1558 1356 1610; x_wconf 76' lang='lat' dir='ltr'><strong>necessitate</strong></span> <span class='ocrx_word' id='word_1_87' title='bbox 1392 1555 1592 1606; x_wconf 80' lang='lat' dir='ltr'><strong>ferren-</strong></span> 
     </span>
     <span class='ocr_line' id='line_1_16' title="bbox 528 1634 1592 1700; baseline -0.005 -12"><span class='ocrx_word' id='word_1_88' title='bbox 528 1643 633 1700; x_wconf 80' lang='lat' dir='ltr'><strong>tur,</strong></span> <span class='ocrx_word' id='word_1_89' title='bbox 668 1638 744 1688; x_wconf 90' lang='lat' dir='ltr'><strong>sic</strong></span> <span class='ocrx_word' id='word_1_90' title='bbox 778 1636 1062 1686; x_wconf 68' lang='lat' dir='ltr'><strong>animantes</strong></span> <span class='ocrx_word' id='word_1_91' title='bbox 1094 1634 1146 1683; x_wconf 85' lang='lat' dir='ltr'><strong>in</strong></span> <span class='ocrx_word' id='word_1_92' title='bbox 1171 1640 1344 1694; x_wconf 68' lang='lat' dir='ltr'><strong>term</strong></span> <span class='ocrx_word' id='word_1_93' title='bbox 1378 1648 1592 1698; x_wconf 89' lang='lat' dir='ltr'><strong>quorum</strong></span> 
     </span>
     <span class='ocr_line' id='line_1_17' title="bbox 531 1710 1590 1778; baseline -0.003 -15"><span class='ocrx_word' id='word_1_94' title='bbox 531 1714 651 1778; x_wconf 83' lang='lat' dir='ltr'><strong>quia</strong></span> <span class='ocrx_word' id='word_1_95' title='bbox 687 1713 862 1762; x_wconf 71' lang='lat' dir='ltr'><strong>libem</strong></span> <span class='ocrx_word' id='word_1_96' title='bbox 897 1715 1018 1759; x_wconf 77' lang='lat' dir='ltr'><strong>sunt</strong></span> <span class='ocrx_word' id='word_1_97' title='bbox 1052 1710 1358 1772; x_wconf 75' lang='lat' dir='ltr'><strong>voluntates,</strong></span> <span class='ocrx_word' id='word_1_98' title='bbox 1391 1710 1492 1760; x_wconf 80' lang='lat' dir='ltr'><strong>huc</strong></span> <span class='ocrx_word' id='word_1_99' title='bbox 1515 1717 1590 1761; x_wconf 85' lang='lat' dir='ltr'><strong>at-</strong></span> 
     </span>
     <span class='ocr_line' id='line_1_18' title="bbox 530 1781 1592 1854; baseline -0.002 -16"><span class='ocrx_word' id='word_1_100' title='bbox 530 1804 632 1854; x_wconf 91' lang='lat' dir='ltr'><strong>que</strong></span> <span class='ocrx_word' id='word_1_101' title='bbox 668 1789 793 1838; x_wconf 82' lang='lat' dir='ltr'><strong>illuc</strong></span> <span class='ocrx_word' id='word_1_102' title='bbox 826 1781 1077 1850; x_wconf 71' lang='lat' dir='ltr'><strong>vagentur</strong></span> <span class='ocrx_word' id='word_1_103' title='bbox 1110 1791 1168 1834; x_wconf 87' lang='lat' dir='ltr'><strong>ut</strong></span> <span class='ocrx_word' id='word_1_104' title='bbox 1195 1785 1381 1847; x_wconf 85' lang='lat' dir='ltr'><strong>libuit;</strong></span> <span class='ocrx_word' id='word_1_105' title='bbox 1413 1793 1468 1835; x_wconf 84' lang='lat' dir='ltr'><strong>et</strong></span> <span class='ocrx_word' id='word_1_106' title='bbox 1487 1801 1592 1851; x_wconf 89' lang='lat' dir='ltr'><strong>quo</strong></span> 
     </span>
     <span class='ocr_line' id='line_1_19' title="bbox 528 1862 1594 1932; baseline -0.002 -15"><span class='ocrx_word' id='word_1_107' title='bbox 528 1882 786 1932; x_wconf 81' lang='lat' dir='ltr'><strong>quamque</strong></span> <span class='ocrx_word' id='word_1_108' title='bbox 825 1880 971 1916; x_wconf 89' lang='lat' dir='ltr'><strong>mens</strong></span> <span class='ocrx_word' id='word_1_109' title='bbox 1013 1864 1241 1927; x_wconf 82' lang='lat' dir='ltr'><strong>duxerit,</strong></span> <span class='ocrx_word' id='word_1_110' title='bbox 1285 1878 1348 1914; x_wconf 91' lang='lat' dir='ltr'><strong>eo</strong></span> <span class='ocrx_word' id='word_1_111' title='bbox 1391 1862 1594 1915; x_wconf 67' lang='lat' dir='ltr'><strong>fertur:</strong></span> 
     </span>
    </p>
   </div>
   <div class='ocr_carea' id='block_1_3' title="bbox 511 1944 1594 4382">
    <p class='ocr_par' dir='ltr' id='par_1_3' title="bbox 532 1944 668 1995">
     <span class='ocr_line' id='line_1_20' title="bbox 532 1944 668 1995; baseline -0.029 0"><span class='ocrx_word' id='word_1_112' title='bbox 532 1944 668 1995; x_wconf 76' lang='lat' dir='ltr'><strong>Huc.</strong></span> 
     </span>
    </p>

    <p class='ocr_par' dir='ltr' id='par_1_4' title="bbox 531 2021 1594 2224">
     <span class='ocr_line' id='line_1_21' title="bbox 596 2021 1594 2086; baseline 0.001 -15"><span class='ocrx_word' id='word_1_113' title='bbox 596 2021 795 2085; x_wconf 69' lang='lat' dir='ltr'><strong>Pergis]</strong></span> <span class='ocrx_word' id='word_1_114' title='bbox 845 2022 948 2074; x_wconf 83' lang='lat' dir='ltr'><strong>Ms.</strong></span> <span class='ocrx_word' id='word_1_115' title='bbox 1007 2022 1066 2073; x_wconf 88' lang='lat' dir='ltr'><strong>L.</strong></span> <span class='ocrx_word' id='word_1_116' title='bbox 1107 2021 1169 2071; x_wconf 88' lang='lat' dir='ltr'><strong>B.</strong></span> <span class='ocrx_word' id='word_1_117' title='bbox 1211 2024 1261 2071; x_wconf 96' lang='grc'><strong>2.</strong></span> <span class='ocrx_word' id='word_1_118' title='bbox 1317 2022 1481 2086; x_wconf 69' lang='lat' dir='ltr'><strong>tergis,</strong></span> <span class='ocrx_word' id='word_1_119' title='bbox 1533 2028 1594 2073; x_wconf 89' lang='lat' dir='ltr'><strong>ut</strong></span> 
     </span>
     <span class='ocr_line' id='line_1_22' title="bbox 531 2096 1588 2163; baseline 0.002 -16"><span class='ocrx_word' id='word_1_120' title='bbox 531 2105 587 2149; x_wconf 93' lang='lat' dir='ltr'><strong>et</strong></span> <span class='ocrx_word' id='word_1_121' title='bbox 610 2104 657 2150; x_wconf 92' lang='lat'><strong>1.</strong></span> <span class='ocrx_word' id='word_1_122' title='bbox 681 2099 772 2149; x_wconf 88' lang='lat' dir='ltr'><strong>sed</strong></span> <span class='ocrx_word' id='word_1_123' title='bbox 796 2098 869 2149; x_wconf 86' lang='lat' dir='ltr'><strong>ibi</strong></span> <span class='ocrx_word' id='word_1_124' title='bbox 894 2103 1038 2148; x_wconf 79' lang='lat' dir='ltr'><strong>recta</strong></span> <span class='ocrx_word' id='word_1_125' title='bbox 1060 2096 1461 2163; x_wconf 72' lang='lat' dir='ltr'><strong>superscribitur</strong></span> <span class='ocrx_word' id='word_1_126' title='bbox 1483 2099 1588 2149; x_wconf 90' lang='lat' dir='ltr'><strong>lec·</strong></span> 
     </span>
     <span class='ocr_line' id='line_1_23' title="bbox 532 2174 621 2224; baseline 0 0"><span class='ocrx_word' id='word_1_127' title='bbox 532 2174 621 2224; x_wconf 86' lang='lat' dir='ltr'><strong>tio.</strong></span> 
     </span>
    </p>

    <p class='ocr_par' dir='ltr' id='par_1_5' title="bbox 529 2249 1592 2467">
     <span class='ocr_line' id='line_1_24' title="bbox 598 2249 1590 2315; baseline 0 -14"><span class='ocrx_word' id='word_1_128' title='bbox 598 2255 659 2301; x_wconf 87' lang='grc'><strong>18</strong></span> <span class='ocrx_word' id='word_1_129' title='bbox 695 2251 972 2315; x_wconf 75' lang='lat' dir='ltr'><strong>Fluviosque</strong></span> <span class='ocrx_word' id='word_1_130' title='bbox 1005 2249 1236 2315; x_wconf 68' lang='lat' dir='ltr'><strong>reposcis]</strong></span> <span class='ocrx_word' id='word_1_131' title='bbox 1279 2249 1367 2300; x_wconf 82' lang='lat' dir='ltr'><strong>Sic</strong></span> <span class='ocrx_word' id='word_1_132' title='bbox 1401 2249 1590 2314; x_wconf 75' lang='lat' dir='ltr'><strong>Vir-gil.</strong></span> 
     </span>
     <span class='ocr_line' id='line_1_25' title="bbox 529 2324 1592 2397; baseline 0 -21"><span class='ocrx_word' id='word_1_133' title='bbox 529 2325 724 2391; x_wconf 75' lang='lat' dir='ltr'><strong>Georg.</strong></span> <span class='ocrx_word' id='word_1_134' title='bbox 747 2331 796 2377; x_wconf 76' lang='lat'><strong>8.</strong></span> <span class='ocrx_word' id='word_1_135' title='bbox 822 2331 933 2378; x_wconf 73' lang='lat'>142.</span> <span class='ocrx_word' id='word_1_136' title='bbox 969 2327 984 2355; x_wconf 89' lang='lat'>‘</span> <span class='ocrx_word' id='word_1_137' title='bbox 1006 2324 1286 2391; x_wconf 76' lang='lat' dir='ltr'><strong>fluvIosque</strong></span> <span class='ocrx_word' id='word_1_138' title='bbox 1307 2324 1486 2375; x_wconf 82' lang='lat' dir='ltr'><strong>innare</strong></span> <span class='ocrx_word' id='word_1_139' title='bbox 1512 2340 1592 2397; x_wconf 52' lang='lat' dir='ltr'><strong>rag</strong></span> 
     </span>
     <span class='ocr_line' id='line_1_26' title="bbox 529 2402 946 2467; baseline -0.002 -16"><span class='ocrx_word' id='word_1_140' title='bbox 529 2403 743 2467; x_wconf 64' lang='lat' dir='ltr'><strong>puceis!</strong></span> <span class='ocrx_word' id='word_1_141' title='bbox 780 2402 946 2452; x_wconf 76' lang='lat' dir='ltr'><strong>Lmnb.</strong></span> 
     </span>
    </p>

    <p class='ocr_par' dir='ltr' id='par_1_6' title="bbox 521 2479 1591 2852">
     <span class='ocr_line' id='line_1_27' title="bbox 596 2479 1589 2546; baseline -0.002 -15"><span class='ocrx_word' id='word_1_142' title='bbox 596 2482 810 2532; x_wconf 73' lang='lat' dir='ltr'><strong>Monteis</strong></span> <span class='ocrx_word' id='word_1_143' title='bbox 837 2480 1127 2546; x_wconf 73' lang='lat' dir='ltr'><strong>fluviosque]</strong></span> <span class='ocrx_word' id='word_1_144' title='bbox 1178 2480 1354 2530; x_wconf 78' lang='lat' dir='ltr'><strong>Valles</strong></span> <span class='ocrx_word' id='word_1_145' title='bbox 1397 2479 1589 2543; x_wconf 85' lang='lat' dir='ltr'><strong>omisit,</strong></span> 
     </span>
     <span class='ocr_line' id='line_1_28' title="bbox 530 2555 1590 2623; baseline 0.001 -16"><span class='ocrx_word' id='word_1_146' title='bbox 530 2558 652 2623; x_wconf 85' lang='lat' dir='ltr'><strong>qula</strong></span> <span class='ocrx_word' id='word_1_147' title='bbox 691 2555 961 2608; x_wconf 80' lang='lat' dir='ltr'><strong>fluviorum</strong></span> <span class='ocrx_word' id='word_1_148' title='bbox 1014 2556 1236 2608; x_wconf 78' lang='lat' dir='ltr'><strong>fortasse</strong></span> <span class='ocrx_word' id='word_1_149' title='bbox 1288 2559 1590 2623; x_wconf 86' lang='lat' dir='ltr'><strong>conspectui</strong></span> 
     </span>
     <span class='ocr_line' id='line_1_29' title="bbox 521 2633 1591 2699; baseline 0.003 -17"><span class='ocrx_word' id='word_1_150' title='bbox 521 2634 633 2698; x_wconf 73' lang='lat' dir='ltr'><strong>jam</strong></span> <span class='ocrx_word' id='word_1_151' title='bbox 672 2634 1031 2684; x_wconf 79' lang='lat' dir='ltr'><strong>involvunturz</strong></span> <span class='ocrx_word' id='word_1_152' title='bbox 1072 2633 1208 2684; x_wconf 89' lang='lat' dir='ltr'><strong>unde</strong></span> <span class='ocrx_word' id='word_1_153' title='bbox 1246 2642 1301 2685; x_wconf 90' lang='lat' dir='ltr'><strong>et</strong></span> <span class='ocrx_word' id='word_1_154' title='bbox 1338 2636 1391 2685; x_wconf 88' lang='lat' dir='ltr'><strong>in</strong></span> <span class='ocrx_word' id='word_1_155' title='bbox 1411 2635 1591 2699; x_wconf 75' lang='lat' dir='ltr'><strong>lingua</strong></span> 
     </span>
     <span class='ocr_line' id='line_1_30' title="bbox 529 2709 1590 2776; baseline 0.002 -17"><span class='ocrx_word' id='word_1_156' title='bbox 529 2709 874 2761; x_wconf 74' lang='lat' dir='ltr'><strong>Hebraeorum</strong></span> <span class='ocrx_word' id='word_1_157' title='bbox 905 2711 1071 2761; x_wconf 77' lang='lat' dir='ltr'><strong>Nalial</strong></span> <span class='ocrx_word' id='word_1_158' title='bbox 1107 2713 1122 2739; x_wconf 91' lang='lat'>‘</span> <span class='ocrx_word' id='word_1_159' title='bbox 1145 2711 1356 2762; x_wconf 76' lang='lat' dir='ltr'><strong>vallrm’</strong></span> <span class='ocrx_word' id='word_1_160' title='bbox 1390 2713 1590 2776; x_wconf 78' lang='lat' dir='ltr'><strong>pariter</strong></span> 
     </span>
     <span class='ocr_line' id='line_1_31' title="bbox 527 2789 1277 2852; baseline 0.005 -16"><span class='ocrx_word' id='word_1_161' title='bbox 527 2793 583 2837; x_wconf 90' lang='lat' dir='ltr'><strong>et</strong></span> <span class='ocrx_word' id='word_1_162' title='bbox 605 2794 886 2838; x_wconf 77' lang='lat' dir='ltr'><strong>torrentem</strong></span> <span class='ocrx_word' id='word_1_163' title='bbox 911 2793 1074 2839; x_wconf 81' lang='lat' dir='ltr'><strong>notat.</strong></span> <span class='ocrx_word' id='word_1_164' title='bbox 1108 2789 1277 2852; x_wconf 66' lang='lat' dir='ltr'><strong>Preig.</strong></span> 
     </span>
    </p>

    <p class='ocr_par' dir='ltr' id='par_1_7' title="bbox 594 2861 1589 2928">
     <span class='ocr_line' id='line_1_32' title="bbox 594 2861 1589 2928; baseline -0.001 -15"><span class='ocrx_word' id='word_1_165' title='bbox 594 2868 660 2913; x_wconf 89' lang='grc'><strong>19</strong></span> <span class='ocrx_word' id='word_1_166' title='bbox 694 2861 1115 2926; x_wconf 56' lang='lat' dir='ltr'><strong>&amp;audisti-usque]</strong></span> <span class='ocrx_word' id='word_1_167' title='bbox 1158 2864 1245 2913; x_wconf 86' lang='lat' dir='ltr'><strong>Sic</strong></span> <span class='ocrx_word' id='word_1_168' title='bbox 1270 2879 1317 2915; x_wconf 80' lang='lat' dir='ltr'><strong>v.</strong></span> <span class='ocrx_word' id='word_1_169' title='bbox 1339 2866 1378 2914; x_wconf 89' lang='grc'><strong>1.</strong></span> <span class='ocrx_word' id='word_1_170' title='bbox 1402 2878 1453 2928; x_wconf 87' lang='lat' dir='ltr'><strong>q.</strong></span> <span class='ocrx_word' id='word_1_171' title='bbox 1480 2863 1589 2924; x_wconf 65' lang='lat' dir='ltr'><strong>Gis.</strong></span> 
     </span>
    </p>

    <p class='ocr_par' dir='ltr' id='par_1_8' title="bbox 511 2937 1590 4228">
     <span class='ocr_line' id='line_1_33' title="bbox 599 2937 1590 3003; baseline 0.002 -16"><span class='ocrx_word' id='word_1_172' title='bbox 599 2937 999 3002; x_wconf 60' lang='lat' dir='ltr'><strong>Frandv&#39;erasque</strong></span> <span class='ocrx_word' id='word_1_173' title='bbox 1039 2941 1197 2988; x_wconf 73' lang='lat' dir='ltr'><strong>domos</strong></span> <span class='ocrx_word' id='word_1_174' title='bbox 1237 2939 1416 3003; x_wconf 72' lang='lat' dir='ltr'><strong>avisnis]</strong></span> <span class='ocrx_word' id='word_1_175' title='bbox 1495 2939 1590 2989; x_wconf 86' lang='lat' dir='ltr'><strong>Ni·</strong></span> 
     </span>
     <span class='ocr_line' id='line_1_34' title="bbox 526 3014 1588 3076; baseline 0.001 -11"><span class='ocrx_word' id='word_1_176' title='bbox 526 3014 619 3065; x_wconf 81' lang='lat' dir='ltr'><strong>dos</strong></span> <span class='ocrx_word' id='word_1_177' title='bbox 659 3015 965 3076; x_wconf 68' lang='lat' dir='ltr'><strong>frundiferus</strong></span> <span class='ocrx_word' id='word_1_178' title='bbox 1012 3022 1184 3067; x_wconf 86' lang='lat' dir='ltr'><strong>autem</strong></span> <span class='ocrx_word' id='word_1_179' title='bbox 1228 3017 1588 3067; x_wconf 80' lang='lat' dir='ltr'><strong>excudendum</strong></span> 
     </span>
     <span class='ocr_line' id='line_1_35' title="bbox 530 3091 1585 3157; baseline 0.001 -16"><span class='ocrx_word' id='word_1_180' title='bbox 530 3091 725 3154; x_wconf 69' lang='lat' dir='ltr'><strong>cur-vi,</strong></span> <span class='ocrx_word' id='word_1_181' title='bbox 760 3091 922 3141; x_wconf 87' lang='lat' dir='ltr'><strong>libros</strong></span> <span class='ocrx_word' id='word_1_182' title='bbox 956 3092 1333 3157; x_wconf 83' lang='lat' dir='ltr'><strong>manuscriptos</strong></span> <span class='ocrx_word' id='word_1_183' title='bbox 1366 3099 1420 3144; x_wconf 88' lang='lat' dir='ltr'><strong>et</strong></span> <span class='ocrx_word' id='word_1_184' title='bbox 1445 3101 1585 3142; x_wconf 81' lang='lat' dir='ltr'><strong>vete-</strong></span> 
     </span>
     <span class='ocr_line' id='line_1_36' title="bbox 527 3168 1586 3221; baseline 0.005 -5"><span class='ocrx_word' id='word_1_185' title='bbox 527 3180 638 3216; x_wconf 85' lang='lat' dir='ltr'><strong>rum</strong></span> <span class='ocrx_word' id='word_1_186' title='bbox 661 3168 1019 3218; x_wconf 82' lang='lat' dir='ltr'><strong>auctoritatem</strong></span> <span class='ocrx_word' id='word_1_187' title='bbox 1045 3176 1269 3219; x_wconf 82' lang='lat' dir='ltr'><strong>secutus.</strong></span> <span class='ocrx_word' id='word_1_188' title='bbox 1291 3169 1455 3221; x_wconf 72' lang='lat' dir='ltr'><strong>lomb.</strong></span> <span class='ocrx_word' id='word_1_189' title='bbox 1502 3170 1586 3221; x_wconf 86' lang='lat' dir='ltr'><strong>Ci-</strong></span> 
     </span>
     <span class='ocr_line' id='line_1_37' title="bbox 526 3242 1584 3310; baseline 0.002 -17"><span class='ocrx_word' id='word_1_190' title='bbox 526 3248 608 3293; x_wconf 85' lang='lat' dir='ltr'><strong>tat</strong></span> <span class='ocrx_word' id='word_1_191' title='bbox 642 3242 853 3293; x_wconf 80' lang='lat' dir='ltr'><strong>Servius</strong></span> <span class='ocrx_word' id='word_1_192' title='bbox 890 3243 954 3294; x_wconf 80' lang='lat' dir='ltr'><strong>ud</strong></span> <span class='ocrx_word' id='word_1_193' title='bbox 992 3246 1138 3309; x_wconf 78' lang='lat' dir='ltr'><strong>virg.</strong></span> <span class='ocrx_word' id='word_1_194' title='bbox 1178 3245 1374 3310; x_wconf 81' lang='lat' dir='ltr'><strong>Georg.</strong></span> <span class='ocrx_word' id='word_1_195' title='bbox 1396 3251 1446 3297; x_wconf 86' lang='grc'><strong>2.</strong></span> <span class='ocrx_word' id='word_1_196' title='bbox 1468 3250 1584 3296; x_wconf 73' lang='grc'><strong>372.</strong></span> 
     </span>
     <span class='ocr_line' id='line_1_38' title="bbox 525 3320 1584 3387; baseline 0.001 -17"><span class='ocrx_word' id='word_1_197' title='bbox 525 3320 616 3371; x_wconf 85' lang='lat' dir='ltr'><strong>ubi</strong></span> <span class='ocrx_word' id='word_1_198' title='bbox 639 3320 793 3372; x_wconf 89' lang='lat' dir='ltr'><strong>docet</strong></span> <span class='ocrx_word' id='word_1_199' title='bbox 820 3321 896 3373; x_wconf 84' lang='lat' dir='ltr'><strong>sic</strong></span> <span class='ocrx_word' id='word_1_200' title='bbox 920 3321 1196 3387; x_wconf 81' lang='lat' dir='ltr'><strong>legendum</strong></span> <span class='ocrx_word' id='word_1_201' title='bbox 1221 3323 1450 3373; x_wconf 76' lang='lat' dir='ltr'><strong>Maronis</strong></span> <span class='ocrx_word' id='word_1_202' title='bbox 1474 3337 1584 3372; x_wconf 81' lang='lat' dir='ltr'><strong>ver-</strong></span> 
     </span>
     <span class='ocr_line' id='line_1_39' title="bbox 526 3399 1584 3465; baseline -0.004 -15"><span class='ocrx_word' id='word_1_203' title='bbox 526 3413 668 3450; x_wconf 87' lang='lat' dir='ltr'><strong>sum:</strong></span> <span class='ocrx_word' id='word_1_204' title='bbox 695 3399 711 3428; x_wconf 91' lang='lat'>‘</span> <span class='ocrx_word' id='word_1_205' title='bbox 732 3400 1008 3465; x_wconf 76' lang='lat' dir='ltr'><strong>Praecipue</strong></span> <span class='ocrx_word' id='word_1_206' title='bbox 1032 3400 1229 3451; x_wconf 76' lang='lat' dir='ltr'><strong>frondis</strong></span> <span class='ocrx_word' id='word_1_207' title='bbox 1265 3406 1442 3451; x_wconf 79' lang='lat' dir='ltr'><strong>tenera</strong></span> <span class='ocrx_word' id='word_1_208' title='bbox 1463 3402 1500 3451; x_wconf 90' lang='lat' dir='ltr'><strong>i.</strong></span> <span class='ocrx_word' id='word_1_209' title='bbox 1532 3400 1584 3449; x_wconf 86' lang='lat' dir='ltr'><strong>l.’</strong></span> 
     </span>
     <span class='ocr_line' id='line_1_40' title="bbox 523 3475 1585 3542; baseline 0.001 -16"><span class='ocrx_word' id='word_1_210' title='bbox 523 3475 644 3541; x_wconf 82' lang='lat' dir='ltr'><strong>quia</strong></span> <span class='ocrx_word' id='word_1_211' title='bbox 667 3477 864 3542; x_wconf 69' lang='lat' dir='ltr'><strong>antiqui</strong></span> <span class='ocrx_word' id='word_1_212' title='bbox 885 3475 1081 3528; x_wconf 86' lang='lat' dir='ltr'><strong>frondis</strong></span> <span class='ocrx_word' id='word_1_213' title='bbox 1102 3477 1344 3527; x_wconf 83' lang='lat' dir='ltr'><strong>dixerunt</strong></span> <span class='ocrx_word' id='word_1_214' title='bbox 1374 3477 1427 3526; x_wconf 90' lang='lat' dir='ltr'><strong>iu</strong></span> <span class='ocrx_word' id='word_1_215' title='bbox 1448 3491 1585 3527; x_wconf 87' lang='lat' dir='ltr'><strong>nom.</strong></span> 
     </span>
     <span class='ocr_line' id='line_1_41' title="bbox 522 3552 1583 3618; baseline 0 -15"><span class='ocrx_word' id='word_1_216' title='bbox 522 3555 656 3616; x_wconf 77' lang='lat' dir='ltr'><strong>sing.</strong></span> <span class='ocrx_word' id='word_1_217' title='bbox 688 3568 782 3618; x_wconf 83' lang='lat' dir='ltr'><strong>pro</strong></span> <span class='ocrx_word' id='word_1_218' title='bbox 803 3568 906 3618; x_wconf 85' lang='lat' dir='ltr'><strong>quo</strong></span> <span class='ocrx_word' id='word_1_219' title='bbox 926 3569 1063 3605; x_wconf 90' lang='lat' dir='ltr'><strong>nuuc</strong></span> <span class='ocrx_word' id='word_1_220' title='bbox 1084 3552 1261 3616; x_wconf 80' lang='lat' dir='ltr'><strong>frons3</strong></span> <span class='ocrx_word' id='word_1_221' title='bbox 1293 3554 1378 3604; x_wconf 91' lang='lat' dir='ltr'><strong>cui</strong></span> <span class='ocrx_word' id='word_1_222' title='bbox 1412 3560 1583 3603; x_wconf 80' lang='lat' dir='ltr'><strong>tumen</strong></span> 
     </span>
     <span class='ocr_line' id='line_1_42' title="bbox 521 3628 1588 3694; baseline 0.002 -16"><span class='ocrx_word' id='word_1_223' title='bbox 521 3628 730 3679; x_wconf 87' lang='lat' dir='ltr'><strong>lectioni</strong></span> <span class='ocrx_word' id='word_1_224' title='bbox 750 3630 1055 3680; x_wconf 75' lang='lat' dir='ltr'><strong>adversatur</strong></span> <span class='ocrx_word' id='word_1_225' title='bbox 1069 3630 1292 3682; x_wconf 82' lang='lat' dir='ltr'><strong>Nonius:</strong></span> <span class='ocrx_word' id='word_1_226' title='bbox 1322 3630 1471 3678; x_wconf 77' lang='lat' dir='ltr'><strong>Frons</strong></span> <span class='ocrx_word' id='word_1_227' title='bbox 1487 3644 1588 3694; x_wconf 86' lang='lat' dir='ltr'><strong>pro</strong></span> 
     </span>
     <span class='ocr_line' id='line_1_43' title="bbox 511 3703 1583 3771; baseline 0.002 -17"><span class='ocrx_word' id='word_1_228' title='bbox 511 3703 707 3764; x_wconf 75' lang='lat' dir='ltr'><strong>fronde.</strong></span> <span class='ocrx_word' id='word_1_229' title='bbox 743 3705 889 3769; x_wconf 76' lang='lat' dir='ltr'><strong>Virg-</strong></span> <span class='ocrx_word' id='word_1_230' title='bbox 910 3708 1108 3771; x_wconf 76' lang='lat' dir='ltr'><strong>Georg.</strong></span> <span class='ocrx_word' id='word_1_231' title='bbox 1131 3710 1179 3756; x_wconf 84' lang='grc'><strong>2.</strong></span> <span class='ocrx_word' id='word_1_232' title='bbox 1202 3708 1217 3734; x_wconf 87' lang='lat'>‘</span> <span class='ocrx_word' id='word_1_233' title='bbox 1239 3703 1378 3754; x_wconf 79' lang='lat' dir='ltr'><strong>frons</strong></span> <span class='ocrx_word' id='word_1_234' title='bbox 1401 3711 1583 3756; x_wconf 69' lang='lat' dir='ltr'><strong>tenera</strong></span> 
     </span>
     <span class='ocr_line' id='line_1_44' title="bbox 522 3780 1580 3847; baseline 0.001 -17"><span class='ocrx_word' id='word_1_235' title='bbox 522 3780 923 3847; x_wconf 85' lang='lat' dir='ltr'><strong>imprudensque</strong></span> <span class='ocrx_word' id='word_1_236' title='bbox 946 3782 1174 3833; x_wconf 78' lang='lat' dir='ltr'><strong>laboris.’</strong></span> <span class='ocrx_word' id='word_1_237' title='bbox 1223 3781 1386 3831; x_wconf 79' lang='lat' dir='ltr'><strong>Malui</strong></span> <span class='ocrx_word' id='word_1_238' title='bbox 1410 3789 1580 3831; x_wconf 85' lang='lat' dir='ltr'><strong>autem</strong></span> 
     </span>
     <span class='ocr_line' id='line_1_45' title="bbox 523 3856 1579 3921; baseline 0.001 -16"><span class='ocrx_word' id='word_1_239' title='bbox 523 3871 620 3920; x_wconf 82' lang='lat' dir='ltr'><strong>per</strong></span> <span class='ocrx_word' id='word_1_240' title='bbox 651 3872 683 3906; x_wconf 75' lang='lat' dir='ltr'><strong>u</strong></span> <span class='ocrx_word' id='word_1_241' title='bbox 720 3871 871 3921; x_wconf 78' lang='lat' dir='ltr'><strong>quam</strong></span> <span class='ocrx_word' id='word_1_242' title='bbox 899 3872 992 3920; x_wconf 89' lang='lat' dir='ltr'><strong>per</strong></span> <span class='ocrx_word' id='word_1_243' title='bbox 1012 3874 1041 3905; x_wconf 90' lang='lat' dir='ltr'><strong>o</strong></span> <span class='ocrx_word' id='word_1_244' title='bbox 1062 3856 1265 3919; x_wconf 80' lang='lat' dir='ltr'><strong>efferre,</strong></span> <span class='ocrx_word' id='word_1_245' title='bbox 1293 3858 1579 3906; x_wconf 70' lang='lat' dir='ltr'><strong>Ennianum</strong></span> 
     </span>
     <span class='ocr_line' id='line_1_46' title="bbox 521 3933 1578 4000; baseline 0 -16"><span class='ocrx_word' id='word_1_246' title='bbox 521 3935 881 3984; x_wconf 80' lang='lat' dir='ltr'><strong>auctoritatem</strong></span> <span class='ocrx_word' id='word_1_247' title='bbox 896 3943 1122 3997; x_wconf 82' lang='lat' dir='ltr'><strong>secutus,</strong></span> <span class='ocrx_word' id='word_1_248' title='bbox 1138 3933 1274 3999; x_wconf 75' lang='lat' dir='ltr'><strong>apud</strong></span> <span class='ocrx_word' id='word_1_249' title='bbox 1289 3949 1441 4000; x_wconf 86' lang='lat' dir='ltr'><strong>quem</strong></span> <span class='ocrx_word' id='word_1_250' title='bbox 1460 3950 1578 3999; x_wconf 78' lang='lat' dir='ltr'><strong>pag.</strong></span> 
     </span>
     <span class='ocr_line' id='line_1_47' title="bbox 519 4009 1576 4075; baseline 0 -14"><span class='ocrx_word' id='word_1_251' title='bbox 519 4016 634 4061; x_wconf 75' lang='grc'><strong>328.</strong></span> <span class='ocrx_word' id='word_1_252' title='bbox 655 4014 672 4041; x_wconf 87' lang='lat'>‘</span> <span class='ocrx_word' id='word_1_253' title='bbox 692 4012 914 4075; x_wconf 81' lang='lat' dir='ltr'><strong>populea</strong></span> <span class='ocrx_word' id='word_1_254' title='bbox 932 4009 1114 4073; x_wconf 80' lang='lat' dir='ltr'><strong>fruus‚’</strong></span> <span class='ocrx_word' id='word_1_255' title='bbox 1132 4018 1187 4060; x_wconf 79' lang='lat' dir='ltr'><strong>et</strong></span> <span class='ocrx_word' id='word_1_256' title='bbox 1204 4015 1417 4075; x_wconf 75' lang='lat' dir='ltr'><strong>peg.‘1⁷.</strong></span> <span class='ocrx_word' id='word_1_257' title='bbox 1436 4012 1453 4039; x_wconf 73' lang='lat'><em>⁸</em></span> <span class='ocrx_word' id='word_1_258' title='bbox 1473 4012 1576 4061; x_wconf 83' lang='lat' dir='ltr'><strong>Ru·</strong></span> 
     </span>
     <span class='ocr_line' id='line_1_48' title="bbox 522 4086 1573 4153; baseline 0.001 -16"><span class='ocrx_word' id='word_1_259' title='bbox 522 4095 728 4138; x_wconf 85' lang='lat' dir='ltr'><strong>rescant</strong></span> <span class='ocrx_word' id='word_1_260' title='bbox 748 4086 1063 4139; x_wconf 60' lang='lat' dir='ltr'><strong>frande-slot</strong></span> <span class='ocrx_word' id='word_1_261' title='bbox 1083 4103 1202 4153; x_wconf 81' lang='lat' dir='ltr'><strong>pag.</strong></span> <span class='ocrx_word' id='word_1_262' title='bbox 1227 4091 1309 4138; x_wconf 83' lang='grc'><strong>69.</strong></span> <span class='ocrx_word' id='word_1_263' title='bbox 1343 4089 1359 4116; x_wconf 87' lang='lat'>‘</span> <span class='ocrx_word' id='word_1_264' title='bbox 1381 4088 1573 4138; x_wconf 82' lang='lat' dir='ltr'><strong>Arbus-</strong></span> 
     </span>
     <span class='ocr_line' id='line_1_49' title="bbox 523 4161 1543 4228; baseline 0.001 -15"><span class='ocrx_word' id='word_1_265' title='bbox 523 4170 628 4213; x_wconf 86' lang='lat' dir='ltr'><strong>tum</strong></span> <span class='ocrx_word' id='word_1_266' title='bbox 649 4161 854 4213; x_wconf 80' lang='lat' dir='ltr'><strong>fremitu</strong></span> <span class='ocrx_word' id='word_1_267' title='bbox 879 4163 1039 4228; x_wconf 75' lang='lat' dir='ltr'><strong>sylvai</strong></span> <span class='ocrx_word' id='word_1_268' title='bbox 1073 4164 1377 4214; x_wconf 78' lang='lat' dir='ltr'><strong>frundnsai.&#39;</strong></span> <span class='ocrx_word' id='word_1_269' title='bbox 1410 4165 1543 4215; x_wconf 77' lang='lat' dir='ltr'><strong>Hau.</strong></span> 
     </span>
    </p>

    <p class='ocr_par' dir='ltr' id='par_1_9' title="bbox 521 4238 1573 4382">
     <span class='ocr_line' id='line_1_50' title="bbox 587 4238 1573 4303; baseline 0.003 -14"><span class='ocrx_word' id='word_1_270' title='bbox 587 4238 1012 4303; x_wconf 65' lang='lat' dir='ltr'><strong>Fraudiserusque]</strong></span> <span class='ocrx_word' id='word_1_271' title='bbox 1034 4240 1120 4290; x_wconf 90' lang='lat' dir='ltr'><strong>Sic</strong></span> <span class='ocrx_word' id='word_1_272' title='bbox 1140 4239 1230 4290; x_wconf 75' lang='lat' dir='ltr'><strong>inf.</strong></span> <span class='ocrx_word' id='word_1_273' title='bbox 1247 4244 1362 4289; x_wconf 80' lang='grc'><strong>257.</strong></span> <span class='ocrx_word' id='word_1_274' title='bbox 1379 4241 1396 4270; x_wconf 77' lang='lat'><strong>⁴</strong></span> <span class='ocrx_word' id='word_1_275' title='bbox 1410 4242 1573 4292; x_wconf 86' lang='lat' dir='ltr'><strong>Fron·</strong></span> 
     </span>
     <span class='ocr_line' id='line_1_51' title="bbox 521 4314 1571 4382; baseline 0.002 -16"><span class='ocrx_word' id='word_1_276' title='bbox 521 4314 816 4382; x_wconf 70' lang='lat' dir='ltr'><strong>‹lisera-que</strong></span> <span class='ocrx_word' id='word_1_277' title='bbox 854 4316 999 4367; x_wconf 84' lang='lat' dir='ltr'><strong>novis</strong></span> <span class='ocrx_word' id='word_1_278' title='bbox 1038 4316 1219 4366; x_wconf 80' lang='lat' dir='ltr'><strong>avibus</strong></span> <span class='ocrx_word' id='word_1_279' title='bbox 1258 4330 1444 4368; x_wconf 78' lang='lat' dir='ltr'><strong>cauere</strong></span> <span class='ocrx_word' id='word_1_280' title='bbox 1483 4331 1571 4368; x_wconf 91' lang='lat' dir='ltr'><strong>un·</strong></span> 
     </span>
    </p>
   </div>
   <div class='ocr_carea' id='block_1_4' title="bbox 1668 553 2738 1080">
    <p class='ocr_par' dir='ltr' id='par_1_10' title="bbox 1668 553 2738 1002">
     <span class='ocr_line' id='line_1_52' title="bbox 1671 553 2733 621; baseline 0.002 -18"><span class='ocrx_word' id='word_1_281' title='bbox 1671 553 1828 619; x_wconf 83' lang='lat' dir='ltr'><strong>dique</strong></span> <span class='ocrx_word' id='word_1_282' title='bbox 1863 556 2071 621; x_wconf 65' lang='lat' dir='ltr'><strong>sylvas)</strong></span> <span class='ocrx_word' id='word_1_283' title='bbox 2104 559 2119 587; x_wconf 91' lang='lat'>‘</span> <span class='ocrx_word' id='word_1_284' title='bbox 2146 555 2322 608; x_wconf 81' lang='lat' dir='ltr'><strong>domos</strong></span> <span class='ocrx_word' id='word_1_285' title='bbox 2346 555 2541 606; x_wconf 80' lang='lat' dir='ltr'><strong>svium&#39;</strong></span> <span class='ocrx_word' id='word_1_286' title='bbox 2563 559 2733 605; x_wconf 83' lang='lat' dir='ltr'><strong>sulem</strong></span> 
     </span>
     <span class='ocr_line' id='line_1_53' title="bbox 1670 631 2736 699; baseline 0.002 -19"><span class='ocrx_word' id='word_1_287' title='bbox 1670 631 1847 695; x_wconf 84' lang='lat' dir='ltr'><strong>dixit;</strong></span> <span class='ocrx_word' id='word_1_288' title='bbox 1894 634 2320 698; x_wconf 77' lang='lat' dir='ltr'><strong>quemadmodum</strong></span> <span class='ocrx_word' id='word_1_289' title='bbox 2352 634 2500 699; x_wconf 76' lang='lat' dir='ltr'><strong>Virg.</strong></span> <span class='ocrx_word' id='word_1_290' title='bbox 2543 634 2736 695; x_wconf 82' lang='lat' dir='ltr'><strong>Georg.</strong></span> 
     </span>
     <span class='ocr_line' id='line_1_54' title="bbox 1668 707 2738 775; baseline 0 -19"><span class='ocrx_word' id='word_1_291' title='bbox 1668 710 1719 757; x_wconf 85' lang='grc'><strong>2.</strong></span> <span class='ocrx_word' id='word_1_292' title='bbox 1754 712 1866 758; x_wconf 84' lang='grc'><strong>209.</strong></span> <span class='ocrx_word' id='word_1_293' title='bbox 1906 714 1919 735; x_wconf 81' lang='lat'><strong><em>⁴</em></strong></span> <span class='ocrx_word' id='word_1_294' title='bbox 1940 709 2297 775; x_wconf 68' lang='lat' dir='ltr'><strong>Antiquusque</strong></span> <span class='ocrx_word' id='word_1_295' title='bbox 2322 707 2504 759; x_wconf 87' lang='lat' dir='ltr'><strong>domos</strong></span> <span class='ocrx_word' id='word_1_296' title='bbox 2529 707 2738 757; x_wconf 82' lang='lat' dir='ltr'><strong>avium.&#39;</strong></span> 
     </span>
     <span class='ocr_line' id='line_1_55' title="bbox 1670 784 2737 850; baseline 0.003 -19"><span class='ocrx_word' id='word_1_297' title='bbox 1670 791 1724 834; x_wconf 89' lang='lat' dir='ltr'><strong>et</strong></span> <span class='ocrx_word' id='word_1_298' title='bbox 1755 784 1890 835; x_wconf 83' lang='lat' dir='ltr'><strong>Stat.</strong></span> <span class='ocrx_word' id='word_1_299' title='bbox 1930 784 2120 836; x_wconf 84' lang='lat' dir='ltr'><strong>Achill.</strong></span> <span class='ocrx_word' id='word_1_300' title='bbox 2152 791 2202 836; x_wconf 87' lang='grc'><strong>2.</strong></span> <span class='ocrx_word' id='word_1_301' title='bbox 2243 791 2323 837; x_wconf 80' lang='grc'><strong>16.</strong></span> <span class='ocrx_word' id='word_1_302' title='bbox 2372 787 2637 850; x_wconf 77' lang='lat' dir='ltr'><strong>‘Jamque</strong></span> <span class='ocrx_word' id='word_1_303' title='bbox 2673 785 2737 834; x_wconf 89' lang='lat' dir='ltr'><strong>ti·</strong></span> 
     </span>
     <span class='ocr_line' id='line_1_56' title="bbox 1669 861 2738 928; baseline 0.003 -19"><span class='ocrx_word' id='word_1_304' title='bbox 1669 873 1812 910; x_wconf 87' lang='lat' dir='ltr'><strong>mens</strong></span> <span class='ocrx_word' id='word_1_305' title='bbox 1837 875 1938 926; x_wconf 78' lang='lat' dir='ltr'><strong>qus</strong></span> <span class='ocrx_word' id='word_1_306' title='bbox 1974 861 2159 913; x_wconf 81' lang='lat' dir='ltr'><strong>fronde</strong></span> <span class='ocrx_word' id='word_1_307' title='bbox 2195 863 2404 914; x_wconf 86' lang='lat' dir='ltr'><strong>domum</strong></span> <span class='ocrx_word' id='word_1_308' title='bbox 2446 863 2738 928; x_wconf 84' lang='lat' dir='ltr'><strong>suspendat</strong></span> 
     </span>
     <span class='ocr_line' id='line_1_57' title="bbox 1669 934 2112 1002; baseline 0.011 -17"><span class='ocrx_word' id='word_1_309' title='bbox 1669 934 1910 989; x_wconf 86' lang='lat' dir='ltr'><strong>inanem.’</strong></span> <span class='ocrx_word' id='word_1_310' title='bbox 1940 938 2112 1002; x_wconf 74' lang='lat' dir='ltr'><strong>Preig.</strong></span> 
     </span>
    </p>

    <p class='ocr_par' dir='ltr' id='par_1_11' title="bbox 1730 1015 2738 1080">
     <span class='ocr_line' id='line_1_58' title="bbox 1730 1015 2738 1080; baseline 0.002 -16"><span class='ocrx_word' id='word_1_311' title='bbox 1730 1017 1797 1064; x_wconf 78' lang='grc'><strong>20</strong></span> <span class='ocrx_word' id='word_1_312' title='bbox 1847 1015 2092 1067; x_wconf 66' lang='lat' dir='ltr'><strong>laeuam</strong></span> <span class='ocrx_word' id='word_1_313' title='bbox 2145 1017 2365 1067; x_wconf 71' lang='lat' dir='ltr'><strong>blandum</strong></span> <span class='ocrx_word' id='word_1_314' title='bbox 2409 1032 2498 1080; x_wconf 81' lang='lat' dir='ltr'><strong>per</strong></span> <span class='ocrx_word' id='word_1_315' title='bbox 2543 1023 2738 1080; x_wconf 71' lang='lat' dir='ltr'><strong>pectora</strong></span> 
     </span>
    </p>
   </div>
   <div class='ocr_carea' id='block_1_5' title="bbox 1666 1090 2739 1156">
    <p class='ocr_par' dir='ltr' id='par_1_12' title="bbox 1666 1090 2739 1156">
     <span class='ocr_line' id='line_1_59' title="bbox 1666 1090 2739 1156; baseline 0.004 -18"><span class='ocrx_word' id='word_1_316' title='bbox 1666 1090 1893 1153; x_wconf 73' lang='lat' dir='ltr'><strong>umorem]</strong></span> <span class='ocrx_word' id='word_1_317' title='bbox 1916 1090 1994 1142; x_wconf 82' lang='lat' dir='ltr'><strong>Ut</strong></span> <span class='ocrx_word' id='word_1_318' title='bbox 2018 1092 2253 1143; x_wconf 82' lang='lat' dir='ltr'><strong>incutere</strong></span> <span class='ocrx_word' id='word_1_319' title='bbox 2275 1102 2494 1156; x_wconf 89' lang='lat' dir='ltr'><strong>metum,</strong></span> <span class='ocrx_word' id='word_1_320' title='bbox 2518 1092 2739 1155; x_wconf 84' lang='lat' dir='ltr'><strong>bellum,</strong></span> 
     </span>
    </p>
   </div>
   <div class='ocr_carea' id='block_1_6' title="bbox 1647 1166 2737 4230">
    <p class='ocr_par' dir='ltr' id='par_1_13' title="bbox 1661 1166 2737 3003">
     <span class='ocr_line' id='line_1_60' title="bbox 1668 1166 2733 1235; baseline 0.003 -20"><span class='ocrx_word' id='word_1_321' title='bbox 1668 1166 1846 1230; x_wconf 84' lang='lat' dir='ltr'><strong>ictum,</strong></span> <span class='ocrx_word' id='word_1_322' title='bbox 1869 1169 1943 1219; x_wconf 90' lang='lat' dir='ltr'><strong>sic</strong></span> <span class='ocrx_word' id='word_1_323' title='bbox 1976 1178 2032 1220; x_wconf 91' lang='lat' dir='ltr'><strong>et</strong></span> <span class='ocrx_word' id='word_1_324' title='bbox 2061 1185 2286 1221; x_wconf 85' lang='lat' dir='ltr'><strong>amorem</strong></span> <span class='ocrx_word' id='word_1_325' title='bbox 2308 1170 2493 1221; x_wconf 86' lang='lat' dir='ltr'><strong>dicunt</strong></span> <span class='ocrx_word' id='word_1_326' title='bbox 2529 1170 2733 1235; x_wconf 63' lang='lat' dir='ltr'><strong>poetae:</strong></span> 
     </span>
     <span class='ocr_line' id='line_1_61' title="bbox 1667 1244 2735 1311; baseline 0.002 -19"><span class='ocrx_word' id='word_1_327' title='bbox 1667 1250 1752 1293; x_wconf 91' lang='lat' dir='ltr'><strong>est</strong></span> <span class='ocrx_word' id='word_1_328' title='bbox 1773 1244 1908 1294; x_wconf 91' lang='lat' dir='ltr'><strong>enim</strong></span> <span class='ocrx_word' id='word_1_329' title='bbox 1945 1245 2133 1296; x_wconf 85' lang='lat' dir='ltr'><strong>amoris</strong></span> <span class='ocrx_word' id='word_1_330' title='bbox 2171 1246 2327 1311; x_wconf 76' lang='lat' dir='ltr'><strong>plaga</strong></span> <span class='ocrx_word' id='word_1_331' title='bbox 2364 1246 2555 1310; x_wconf 76' lang='lat' dir='ltr'><strong>gravis.</strong></span> <span class='ocrx_word' id='word_1_332' title='bbox 2595 1244 2735 1311; x_wconf 89' lang='lat' dir='ltr'><strong>qnod</strong></span> 
     </span>
     <span class='ocr_line' id='line_1_62' title="bbox 1667 1322 2737 1388; baseline 0.004 -19"><span class='ocrx_word' id='word_1_333' title='bbox 1667 1328 1842 1371; x_wconf 83' lang='lat' dir='ltr'><strong>autem</strong></span> <span class='ocrx_word' id='word_1_334' title='bbox 1866 1322 1985 1373; x_wconf 86' lang='lat' dir='ltr'><strong>huic</strong></span> <span class='ocrx_word' id='word_1_335' title='bbox 2005 1324 2282 1388; x_wconf 84' lang='lat' dir='ltr'><strong>participio</strong></span> <span class='ocrx_word' id='word_1_336' title='bbox 2304 1323 2509 1374; x_wconf 81' lang='lat' dir='ltr'><strong>addidit</strong></span> <span class='ocrx_word' id='word_1_337' title='bbox 2524 1322 2737 1373; x_wconf 64' lang='grc' dir='ltr'><strong>ἐπίθετον</strong></span> 
     </span>
     <span class='ocr_line' id='line_1_63' title="bbox 1666 1396 2734 1465; baseline 0.007 -19"><span class='ocrx_word' id='word_1_338' title='bbox 1666 1399 1683 1426; x_wconf 88' lang='lat'>‘</span> <span class='ocrx_word' id='word_1_339' title='bbox 1700 1396 1977 1462; x_wconf 85' lang='lat' dir='ltr'><strong>blandum‚’</strong></span> <span class='ocrx_word' id='word_1_340' title='bbox 2002 1399 2330 1465; x_wconf 80' lang='lat' dir='ltr'><strong>significavit,</strong></span> <span class='ocrx_word' id='word_1_341' title='bbox 2362 1401 2414 1450; x_wconf 88' lang='lat' dir='ltr'><strong>iu</strong></span> <span class='ocrx_word' id='word_1_342' title='bbox 2440 1414 2621 1453; x_wconf 86' lang='lat' dir='ltr'><strong>amore</strong></span> <span class='ocrx_word' id='word_1_343' title='bbox 2644 1402 2734 1452; x_wconf 89' lang='lat' dir='ltr'><strong>do-</strong></span> 
     </span>
     <span class='ocr_line' id='line_1_64' title="bbox 1665 1473 2733 1543; baseline 0.007 -22"><span class='ocrx_word' id='word_1_344' title='bbox 1665 1473 1825 1524; x_wconf 88' lang='lat' dir='ltr'><strong>lorem</strong></span> <span class='ocrx_word' id='word_1_345' title='bbox 1849 1475 2017 1527; x_wconf 89' lang='lat' dir='ltr'><strong>inesse</strong></span> <span class='ocrx_word' id='word_1_346' title='bbox 2052 1491 2169 1528; x_wconf 90' lang='lat' dir='ltr'><strong>cum</strong></span> <span class='ocrx_word' id='word_1_347' title='bbox 2191 1478 2459 1543; x_wconf 77' lang='lat' dir='ltr'><strong>voluptate</strong></span> <span class='ocrx_word' id='word_1_348' title='bbox 2482 1478 2733 1542; x_wconf 88' lang='lat' dir='ltr'><strong>conjunc·</strong></span> 
     </span>
     <span class='ocr_line' id='line_1_65' title="bbox 1667 1551 2734 1620; baseline 0.007 -21"><span class='ocrx_word' id='word_1_349' title='bbox 1667 1553 1794 1599; x_wconf 89' lang='lat' dir='ltr'><strong>tum.</strong></span> <span class='ocrx_word' id='word_1_350' title='bbox 1818 1558 1996 1601; x_wconf 83' lang='lat' dir='ltr'><strong>notum</strong></span> <span class='ocrx_word' id='word_1_351' title='bbox 2015 1560 2112 1612; x_wconf 86' lang='lat' dir='ltr'><strong>est,</strong></span> <span class='ocrx_word' id='word_1_352' title='bbox 2147 1551 2414 1617; x_wconf 83' lang='lat' dir='ltr'><strong>Amorem,</strong></span> <span class='ocrx_word' id='word_1_353' title='bbox 2452 1568 2547 1605; x_wconf 83' lang='lat' dir='ltr'><strong>seu</strong></span> <span class='ocrx_word' id='word_1_354' title='bbox 2578 1555 2734 1620; x_wconf 87' lang='lat' dir='ltr'><strong>Cupi·</strong></span> 
     </span>
     <span class='ocr_line' id='line_1_66' title="bbox 1664 1623 2731 1694; baseline 0.008 -21"><span class='ocrx_word' id='word_1_355' title='bbox 1664 1623 1859 1688; x_wconf 87' lang='lat' dir='ltr'><strong>dinem,</strong></span> <span class='ocrx_word' id='word_1_356' title='bbox 1906 1627 2223 1694; x_wconf 68' lang='grc' dir='ltr'><strong>γλυκύπικρον</strong></span> <span class='ocrx_word' id='word_1_357' title='bbox 2264 1645 2295 1679; x_wconf 97' lang='lat' dir='ltr'><strong>a</strong></span> <span class='ocrx_word' id='word_1_358' title='bbox 2334 1630 2564 1682; x_wconf 86' lang='lat' dir='ltr'><strong>Platone</strong></span> <span class='ocrx_word' id='word_1_359' title='bbox 2604 1631 2731 1682; x_wconf 86' lang='lat' dir='ltr'><strong>dici.</strong></span> 
     </span>
     <span class='ocr_line' id='line_1_67' title="bbox 1665 1700 2728 1765; baseline 0.008 -16"><span class='ocrx_word' id='word_1_360' title='bbox 1665 1700 1803 1765; x_wconf 88' lang='lat' dir='ltr'><strong>quod</strong></span> <span class='ocrx_word' id='word_1_361' title='bbox 1858 1704 2102 1755; x_wconf 84' lang='lat' dir='ltr'><strong>attribuit</strong></span> <span class='ocrx_word' id='word_1_362' title='bbox 2157 1713 2212 1756; x_wconf 92' lang='lat' dir='ltr'><strong>et</strong></span> <span class='ocrx_word' id='word_1_363' title='bbox 2250 1707 2444 1757; x_wconf 85' lang='lat' dir='ltr'><strong>Veneri</strong></span> <span class='ocrx_word' id='word_1_364' title='bbox 2489 1707 2728 1760; x_wconf 72' lang='lat' dir='ltr'><strong>Catullus</strong></span> 
     </span>
     <span class='ocr_line' id='line_1_68' title="bbox 1665 1775 2730 1833; baseline 0.008 -9"><span class='ocrx_word' id='word_1_365' title='bbox 1665 1775 1838 1826; x_wconf 88' lang='lat' dir='ltr'><strong>Carm.</strong></span> <span class='ocrx_word' id='word_1_366' title='bbox 1882 1781 2070 1830; x_wconf 82' lang='grc'><strong>69.18.</strong></span> <span class='ocrx_word' id='word_1_367' title='bbox 2119 1782 2185 1831; x_wconf 88' lang='lat' dir='ltr'><strong>ad</strong></span> <span class='ocrx_word' id='word_1_368' title='bbox 2238 1782 2528 1833; x_wconf 82' lang='lat' dir='ltr'><strong>Manlium:</strong></span> <span class='ocrx_word' id='word_1_369' title='bbox 2589 1787 2730 1833; x_wconf 81' lang='lat' dir='ltr'><strong>‘nou</strong></span> 
     </span>
     <span class='ocr_line' id='line_1_69' title="bbox 1664 1855 2730 1912; baseline 0.008 -10"><span class='ocrx_word' id='word_1_370' title='bbox 1664 1861 1745 1902; x_wconf 87' lang='lat' dir='ltr'><strong>est</strong></span> <span class='ocrx_word' id='word_1_371' title='bbox 1768 1855 1884 1904; x_wconf 85' lang='lat' dir='ltr'><strong>Dea</strong></span> <span class='ocrx_word' id='word_1_372' title='bbox 1903 1856 2075 1907; x_wconf 83' lang='lat' dir='ltr'><strong>nescia</strong></span> <span class='ocrx_word' id='word_1_373' title='bbox 2091 1859 2251 1908; x_wconf 85' lang='lat' dir='ltr'><strong>nostri</strong></span> <span class='ocrx_word' id='word_1_374' title='bbox 2264 1859 2397 1912; x_wconf 75' lang='lat' dir='ltr'><strong>Quae</strong></span> <span class='ocrx_word' id='word_1_375' title='bbox 2416 1860 2624 1910; x_wconf 88' lang='lat' dir='ltr'><strong>dulcem</strong></span> <span class='ocrx_word' id='word_1_376' title='bbox 2643 1876 2730 1911; x_wconf 84' lang='lat' dir='ltr'><strong>eu·</strong></span> 
     </span>
     <span class='ocr_line' id='line_1_70' title="bbox 1661 1932 2729 1989; baseline 0.009 -9"><span class='ocrx_word' id='word_1_377' title='bbox 1661 1932 1736 1981; x_wconf 84' lang='lat' dir='ltr'><strong>ris</strong></span> <span class='ocrx_word' id='word_1_378' title='bbox 1758 1933 1943 1985; x_wconf 85' lang='lat' dir='ltr'><strong>miscet</strong></span> <span class='ocrx_word' id='word_1_379' title='bbox 1979 1936 2303 1987; x_wconf 65' lang='lat' dir='ltr'><strong>amaritiem!</strong></span> <span class='ocrx_word' id='word_1_380' title='bbox 2334 1936 2439 1988; x_wconf 84' lang='lat' dir='ltr'><strong>Sed</strong></span> <span class='ocrx_word' id='word_1_381' title='bbox 2472 1937 2613 1988; x_wconf 90' lang='lat' dir='ltr'><strong>idem</strong></span> <span class='ocrx_word' id='word_1_382' title='bbox 2654 1948 2729 1989; x_wconf 79' lang='lat' dir='ltr'><strong>tu·</strong></span> 
     </span>
     <span class='ocr_line' id='line_1_71' title="bbox 1663 2011 2728 2080; baseline 0.009 -22"><span class='ocrx_word' id='word_1_383' title='bbox 1663 2022 1781 2059; x_wconf 90' lang='lat' dir='ltr'><strong>men</strong></span> <span class='ocrx_word' id='word_1_384' title='bbox 1804 2011 1959 2062; x_wconf 84' lang='lat' dir='ltr'><strong>etism</strong></span> <span class='ocrx_word' id='word_1_385' title='bbox 2000 2012 2100 2078; x_wconf 82' lang='lat' dir='ltr'><strong>ipsi</strong></span> <span class='ocrx_word' id='word_1_386' title='bbox 2142 2015 2408 2080; x_wconf 77' lang='lat' dir='ltr'><strong>Cupidini,</strong></span> <span class='ocrx_word' id='word_1_387' title='bbox 2448 2030 2614 2068; x_wconf 90' lang='lat' dir='ltr'><strong>carm.</strong></span> <span class='ocrx_word' id='word_1_388' title='bbox 2663 2016 2728 2068; x_wconf 91' lang='lat' dir='ltr'><strong>de</strong></span> 
     </span>
     <span class='ocr_line' id='line_1_72' title="bbox 1663 2083 2726 2156; baseline 0.009 -22"><span class='ocrx_word' id='word_1_389' title='bbox 1663 2083 1814 2136; x_wconf 87' lang='lat' dir='ltr'><strong>Pelei</strong></span> <span class='ocrx_word' id='word_1_390' title='bbox 1836 2095 1891 2138; x_wconf 88' lang='lat' dir='ltr'><strong>et</strong></span> <span class='ocrx_word' id='word_1_391' title='bbox 1911 2090 2226 2156; x_wconf 66' lang='lat' dir='ltr'><strong>Thetmupt.</strong></span> <span class='ocrx_word' id='word_1_392' title='bbox 2265 2096 2348 2143; x_wconf 72' lang='lat'><strong>65.</strong></span> <span class='ocrx_word' id='word_1_393' title='bbox 2367 2097 2451 2146; x_wconf 81' lang='grc'><strong>95.</strong></span> <span class='ocrx_word' id='word_1_394' title='bbox 2493 2094 2726 2145; x_wconf 70' lang='lat' dir='ltr'><strong>‘Sancte</strong></span> 
     </span>
     <span class='ocr_line' id='line_1_73' title="bbox 1662 2166 2728 2235; baseline 0.008 -22"><span class='ocrx_word' id='word_1_395' title='bbox 1662 2178 1810 2228; x_wconf 82' lang='lat' dir='ltr'><strong>puer,</strong></span> <span class='ocrx_word' id='word_1_396' title='bbox 1831 2166 1968 2216; x_wconf 86' lang='lat' dir='ltr'><strong>curis</strong></span> <span class='ocrx_word' id='word_1_397' title='bbox 1987 2167 2248 2219; x_wconf 86' lang='lat' dir='ltr'><strong>hominum</strong></span> <span class='ocrx_word' id='word_1_398' title='bbox 2274 2170 2358 2235; x_wconf 91' lang='lat' dir='ltr'><strong>qui</strong></span> <span class='ocrx_word' id='word_1_399' title='bbox 2382 2171 2573 2235; x_wconf 73' lang='lat' dir='ltr'><strong>gaudia</strong></span> <span class='ocrx_word' id='word_1_400' title='bbox 2611 2172 2728 2221; x_wconf 84' lang='lat' dir='ltr'><strong>mis·</strong></span> 
     </span>
     <span class='ocr_line' id='line_1_74' title="bbox 1662 2237 2725 2311; baseline 0.008 -21"><span class='ocrx_word' id='word_1_401' title='bbox 1662 2237 1784 2290; x_wconf 65' lang='lat' dir='ltr'><strong>ces!</strong></span> <span class='ocrx_word' id='word_1_402' title='bbox 1850 2241 1985 2292; x_wconf 88' lang='lat' dir='ltr'><strong>Usus</strong></span> <span class='ocrx_word' id='word_1_403' title='bbox 2019 2250 2101 2294; x_wconf 83' lang='lat' dir='ltr'><strong>est</strong></span> <span class='ocrx_word' id='word_1_404' title='bbox 2132 2246 2404 2295; x_wconf 87' lang='lat' dir='ltr'><strong>Lucretius</strong></span> <span class='ocrx_word' id='word_1_405' title='bbox 2433 2248 2622 2298; x_wconf 86' lang='lat' dir='ltr'><strong>eodem</strong></span> <span class='ocrx_word' id='word_1_406' title='bbox 2641 2263 2725 2311; x_wconf 81' lang='lat' dir='ltr'><strong>ge·</strong></span> 
     </span>
     <span class='ocr_line' id='line_1_75' title="bbox 1662 2320 2726 2386; baseline 0.008 -18"><span class='ocrx_word' id='word_1_407' title='bbox 1662 2331 1787 2370; x_wconf 85' lang='lat' dir='ltr'><strong>uere</strong></span> <span class='ocrx_word' id='word_1_408' title='bbox 1807 2320 2054 2386; x_wconf 86' lang='lat' dir='ltr'><strong>loquendi</strong></span> <span class='ocrx_word' id='word_1_409' title='bbox 2077 2322 2197 2374; x_wconf 88' lang='lat' dir='ltr'><strong>eod.</strong></span> <span class='ocrx_word' id='word_1_410' title='bbox 2221 2322 2335 2373; x_wconf 88' lang='lat' dir='ltr'><strong>libr.</strong></span> <span class='ocrx_word' id='word_1_411' title='bbox 2355 2323 2451 2376; x_wconf 86' lang='lat' dir='ltr'><strong>inf.</strong></span> <span class='ocrx_word' id='word_1_412' title='bbox 2473 2329 2592 2377; x_wconf 77' lang='grc'><strong>922.</strong></span> <span class='ocrx_word' id='word_1_413' title='bbox 2624 2326 2641 2355; x_wconf 74' lang='lat'>⁸</span> <span class='ocrx_word' id='word_1_414' title='bbox 2658 2327 2726 2377; x_wconf 84' lang='lat' dir='ltr'><strong>Et</strong></span> 
     </span>
     <span class='ocr_line' id='line_1_76' title="bbox 1661 2395 2723 2468; baseline 0.009 -24"><span class='ocrx_word' id='word_1_415' title='bbox 1661 2395 1812 2446; x_wconf 90' lang='lat' dir='ltr'><strong>simul</strong></span> <span class='ocrx_word' id='word_1_416' title='bbox 1836 2396 2055 2448; x_wconf 85' lang='lat' dir='ltr'><strong>incussit</strong></span> <span class='ocrx_word' id='word_1_417' title='bbox 2073 2413 2283 2450; x_wconf 84' lang='lat' dir='ltr'><strong>suavem</strong></span> <span class='ocrx_word' id='word_1_418' title='bbox 2316 2401 2386 2449; x_wconf 90' lang='lat' dir='ltr'><strong>mi</strong></span> <span class='ocrx_word' id='word_1_419' title='bbox 2421 2401 2473 2451; x_wconf 91' lang='lat' dir='ltr'><strong>in</strong></span> <span class='ocrx_word' id='word_1_420' title='bbox 2506 2410 2723 2468; x_wconf 81' lang='lat' dir='ltr'><strong>pectore</strong></span> 
     </span>
     <span class='ocr_line' id='line_1_77' title="bbox 1663 2475 2724 2532; baseline 0.007 -8"><span class='ocrx_word' id='word_1_421' title='bbox 1663 2475 1924 2525; x_wconf 67' lang='lat' dir='ltr'><strong>umorem.⁹</strong></span> <span class='ocrx_word' id='word_1_422' title='bbox 1952 2475 2119 2528; x_wconf 64' lang='lat' dir='ltr'><strong>Lamo.</strong></span> <span class='ocrx_word' id='word_1_423' title='bbox 2171 2477 2569 2530; x_wconf 81' lang='lat' dir='ltr'><strong>Observandum</strong></span> <span class='ocrx_word' id='word_1_424' title='bbox 2590 2481 2646 2530; x_wconf 91' lang='lat' dir='ltr'><strong>in</strong></span> <span class='ocrx_word' id='word_1_425' title='bbox 2668 2496 2724 2532; x_wconf 87' lang='lat' dir='ltr'><strong>re</strong></span> 
     </span>
     <span class='ocr_line' id='line_1_78' title="bbox 1663 2551 2723 2621; baseline 0.004 -19"><span class='ocrx_word' id='word_1_426' title='bbox 1663 2551 1870 2612; x_wconf 84' lang='lat' dir='ltr'><strong>blanda,</strong></span> <span class='ocrx_word' id='word_1_427' title='bbox 1918 2553 2081 2618; x_wconf 73' lang='lat' dir='ltr'><strong>suavi,</strong></span> <span class='ocrx_word' id='word_1_428' title='bbox 2101 2553 2357 2618; x_wconf 84' lang='lat' dir='ltr'><strong>jucunda,</strong></span> <span class='ocrx_word' id='word_1_429' title='bbox 2392 2558 2633 2621; x_wconf 85' lang='lat' dir='ltr'><strong>usurpari</strong></span> <span class='ocrx_word' id='word_1_430' title='bbox 2667 2558 2723 2606; x_wconf 71' lang='grc' dir='ltr'><strong>τὸ</strong></span> 
     </span>
     <span class='ocr_line' id='line_1_79' title="bbox 1661 2629 2720 2699; baseline 0.003 -20"><span class='ocrx_word' id='word_1_431' title='bbox 1661 2629 1887 2680; x_wconf 64' lang='lat' dir='ltr'><strong>iacuere.</strong></span> <span class='ocrx_word' id='word_1_432' title='bbox 1923 2635 2096 2680; x_wconf 78' lang='lat' dir='ltr'><strong>tumen</strong></span> <span class='ocrx_word' id='word_1_433' title='bbox 2120 2631 2273 2682; x_wconf 80' lang='lat' dir='ltr'><strong>etita</strong></span> <span class='ocrx_word' id='word_1_434' title='bbox 2301 2631 2488 2683; x_wconf 84' lang='lat' dir='ltr'><strong>Horat.</strong></span> <span class='ocrx_word' id='word_1_435' title='bbox 2524 2633 2580 2682; x_wconf 89' lang='lat' dir='ltr'><strong>in</strong></span> <span class='ocrx_word' id='word_1_436' title='bbox 2623 2635 2720 2699; x_wconf 83' lang='lat' dir='ltr'><strong>Ep.</strong></span> 
     </span>
     <span class='ocr_line' id='line_1_80' title="bbox 1667 2704 2721 2775; baseline 0.004 -20"><span class='ocrx_word' id='word_1_437' title='bbox 1667 2710 1712 2756; x_wconf 85' lang='grc'><strong>1.</strong></span> <span class='ocrx_word' id='word_1_438' title='bbox 1740 2710 1818 2757; x_wconf 75' lang='grc'><strong>14.</strong></span> <span class='ocrx_word' id='word_1_439' title='bbox 1841 2710 1921 2756; x_wconf 82' lang='grc'><strong>26.</strong></span> <span class='ocrx_word' id='word_1_440' title='bbox 1954 2704 2158 2756; x_wconf 82' lang='lat' dir='ltr'><strong>‘fornix</strong></span> <span class='ocrx_word' id='word_1_441' title='bbox 2181 2706 2276 2757; x_wconf 83' lang='lat' dir='ltr'><strong>tibi</strong></span> <span class='ocrx_word' id='word_1_442' title='bbox 2300 2713 2357 2758; x_wconf 90' lang='lat' dir='ltr'><strong>et</strong></span> <span class='ocrx_word' id='word_1_443' title='bbox 2380 2715 2541 2758; x_wconf 82' lang='lat' dir='ltr'><strong>uncta</strong></span> <span class='ocrx_word' id='word_1_444' title='bbox 2575 2710 2721 2775; x_wconf 83' lang='lat' dir='ltr'><strong>popi-</strong></span> 
     </span>
     <span class='ocr_line' id='line_1_81' title="bbox 1662 2782 2722 2836; baseline 0.005 -5"><span class='ocrx_word' id='word_1_445' title='bbox 1662 2797 1729 2833; x_wconf 89' lang='lat' dir='ltr'><strong>na</strong></span> <span class='ocrx_word' id='word_1_446' title='bbox 1753 2783 2020 2834; x_wconf 71' lang='lat' dir='ltr'><strong>incutiunt</strong></span> <span class='ocrx_word' id='word_1_447' title='bbox 2044 2782 2186 2833; x_wconf 83' lang='lat' dir='ltr'><strong>urbis</strong></span> <span class='ocrx_word' id='word_1_448' title='bbox 2216 2782 2575 2836; x_wconf 68' lang='lat' dir='ltr'><strong>desiderium.⁹</strong></span> <span class='ocrx_word' id='word_1_449' title='bbox 2642 2786 2722 2836; x_wconf 82' lang='lat' dir='ltr'><strong>lta</strong></span> 
     </span>
     <span class='ocr_line' id='line_1_82' title="bbox 1663 2859 2725 2914; baseline 0.005 -5"><span class='ocrx_word' id='word_1_450' title='bbox 1663 2867 1719 2909; x_wconf 89' lang='lat' dir='ltr'><strong>et</strong></span> <span class='ocrx_word' id='word_1_451' title='bbox 1751 2861 1803 2909; x_wconf 90' lang='lat' dir='ltr'><strong>in</strong></span> <span class='ocrx_word' id='word_1_452' title='bbox 1836 2865 1883 2910; x_wconf 89' lang='grc'><strong>1.</strong></span> <span class='ocrx_word' id='word_1_453' title='bbox 1918 2861 2129 2911; x_wconf 84' lang='lat' dir='ltr'><strong>Lucret.</strong></span> <span class='ocrx_word' id='word_1_454' title='bbox 2150 2864 2268 2911; x_wconf 72' lang='lat'><strong>92⁸.</strong></span> <span class='ocrx_word' id='word_1_455' title='bbox 2305 2859 2408 2912; x_wconf 85' lang='lat' dir='ltr'><strong>‘Et</strong></span> <span class='ocrx_word' id='word_1_456' title='bbox 2448 2862 2605 2913; x_wconf 86' lang='lat' dir='ltr'><strong>simul</strong></span> <span class='ocrx_word' id='word_1_457' title='bbox 2648 2864 2725 2914; x_wconf 90' lang='lat' dir='ltr'><strong>in·</strong></span> 
     </span>
     <span class='ocr_line' id='line_1_83' title="bbox 1663 2936 2721 3003; baseline 0.005 -17"><span class='ocrx_word' id='word_1_458' title='bbox 1663 2936 1825 2987; x_wconf 87' lang='lat' dir='ltr'><strong>cussit</strong></span> <span class='ocrx_word' id='word_1_459' title='bbox 1848 2951 2056 2988; x_wconf 78' lang='lat' dir='ltr'><strong>suavem</strong></span> <span class='ocrx_word' id='word_1_460' title='bbox 2079 2937 2147 2988; x_wconf 90' lang='lat' dir='ltr'><strong>mi</strong></span> <span class='ocrx_word' id='word_1_461' title='bbox 2173 2938 2225 2988; x_wconf 90' lang='lat' dir='ltr'><strong>iu</strong></span> <span class='ocrx_word' id='word_1_462' title='bbox 2242 2944 2429 3003; x_wconf 84' lang='lat' dir='ltr'><strong>pectus</strong></span> <span class='ocrx_word' id='word_1_463' title='bbox 2455 2940 2721 2992; x_wconf 71' lang='lat' dir='ltr'><strong>amorem!</strong></span> 
     </span>
    </p>

    <p class='ocr_par' dir='ltr' id='par_1_14' title="bbox 1657 3089 2722 3386">
     <span class='ocr_line' id='line_1_84' title="bbox 1726 3089 2722 3156; baseline 0.009 -19"><span class='ocrx_word' id='word_1_464' title='bbox 1726 3089 1983 3155; x_wconf 63' lang='lat' dir='ltr'><strong>laesimus,</strong></span> <span class='ocrx_word' id='word_1_465' title='bbox 2015 3091 2124 3156; x_wconf 57' lang='lat' dir='ltr'><strong>qma]</strong></span> <span class='ocrx_word' id='word_1_466' title='bbox 2163 3091 2270 3142; x_wconf 86' lang='lat' dir='ltr'><strong>Inf.</strong></span> <span class='ocrx_word' id='word_1_467' title='bbox 2315 3091 2368 3143; x_wconf 79' lang='lat' dir='ltr'><strong>h.</strong></span> <span class='ocrx_word' id='word_1_468' title='bbox 2407 3094 2447 3144; x_wconf 86' lang='lat'><strong>1.</strong></span> <span class='ocrx_word' id='word_1_469' title='bbox 2490 3108 2570 3145; x_wconf 79' lang='lat' dir='ltr'><strong>vs.</strong></span> <span class='ocrx_word' id='word_1_470' title='bbox 2606 3099 2722 3146; x_wconf 82' lang='grc'><strong>921.</strong></span> 
     </span>
     <span class='ocr_line' id='line_1_85' title="bbox 1657 3165 2721 3237; baseline 0.007 -22"><span class='ocrx_word' id='word_1_471' title='bbox 1657 3165 1961 3218; x_wconf 73' lang='lat' dir='ltr'><strong>‘Percussit</strong></span> <span class='ocrx_word' id='word_1_472' title='bbox 1982 3168 2159 3231; x_wconf 80' lang='lat' dir='ltr'><strong>thyrso</strong></span> <span class='ocrx_word' id='word_1_473' title='bbox 2178 3168 2345 3218; x_wconf 84' lang='lat' dir='ltr'><strong>laudis</strong></span> <span class='ocrx_word' id='word_1_474' title='bbox 2383 3183 2504 3232; x_wconf 81' lang='lat' dir='ltr'><strong>spes</strong></span> <span class='ocrx_word' id='word_1_475' title='bbox 2538 3185 2721 3237; x_wconf 75' lang='lat' dir='ltr'><strong>magna</strong></span> 
     </span>
     <span class='ocr_line' id='line_1_86' title="bbox 1660 3245 2721 3307; baseline 0.006 -15"><span class='ocrx_word' id='word_1_476' title='bbox 1660 3258 1827 3292; x_wconf 87' lang='lat' dir='ltr'><strong>meum</strong></span> <span class='ocrx_word' id='word_1_477' title='bbox 1862 3258 1969 3307; x_wconf 86' lang='lat' dir='ltr'><strong>cor,</strong></span> <span class='ocrx_word' id='word_1_478' title='bbox 2008 3245 2077 3295; x_wconf 87' lang='lat' dir='ltr'><strong>Et</strong></span> <span class='ocrx_word' id='word_1_479' title='bbox 2099 3246 2249 3295; x_wconf 91' lang='lat' dir='ltr'><strong>simul</strong></span> <span class='ocrx_word' id='word_1_480' title='bbox 2273 3245 2488 3296; x_wconf 85' lang='lat' dir='ltr'><strong>incussit</strong></span> <span class='ocrx_word' id='word_1_481' title='bbox 2510 3261 2721 3298; x_wconf 70' lang='lat' dir='ltr'><strong>suavem</strong></span> 
     </span>
     <span class='ocr_line' id='line_1_87' title="bbox 1660 3320 2504 3386; baseline 0.002 -16"><span class='ocrx_word' id='word_1_482' title='bbox 1660 3321 1728 3370; x_wconf 86' lang='lat' dir='ltr'><strong>mi</strong></span> <span class='ocrx_word' id='word_1_483' title='bbox 1753 3321 1802 3369; x_wconf 88' lang='lat' dir='ltr'><strong>in</strong></span> <span class='ocrx_word' id='word_1_484' title='bbox 1821 3327 2006 3386; x_wconf 83' lang='lat' dir='ltr'><strong>pectus</strong></span> <span class='ocrx_word' id='word_1_485' title='bbox 2028 3320 2295 3372; x_wconf 81' lang='lat' dir='ltr'><strong>amorem.&#39;</strong></span> <span class='ocrx_word' id='word_1_486' title='bbox 2326 3322 2504 3386; x_wconf 68' lang='lat' dir='ltr'><strong>Preig.</strong></span> 
     </span>
    </p>

    <p class='ocr_par' dir='ltr' id='par_1_15' title="bbox 1647 3397 2722 3827">
     <span class='ocr_line' id='line_1_88' title="bbox 1722 3397 2722 3463; baseline 0.006 -18"><span class='ocrx_word' id='word_1_487' title='bbox 1722 3400 1784 3445; x_wconf 91' lang='grc'><strong>21</strong></span> <span class='ocrx_word' id='word_1_488' title='bbox 1822 3398 2006 3463; x_wconf 78' lang='lat' dir='ltr'><strong>Efficis,</strong></span> <span class='ocrx_word' id='word_1_489' title='bbox 2038 3403 2091 3446; x_wconf 73' lang='lat' dir='ltr'><strong>ut</strong></span> <span class='ocrx_word' id='word_1_490' title='bbox 2113 3397 2303 3462; x_wconf 76' lang='lat' dir='ltr'><strong>cupide]</strong></span> <span class='ocrx_word' id='word_1_491' title='bbox 2335 3399 2471 3448; x_wconf 82' lang='lat' dir='ltr'><strong>Sunt</strong></span> <span class='ocrx_word' id='word_1_492' title='bbox 2491 3400 2633 3451; x_wconf 88' lang='lat' dir='ltr'><strong>enim</strong></span> <span class='ocrx_word' id='word_1_493' title='bbox 2672 3401 2722 3450; x_wconf 90' lang='lat' dir='ltr'><strong>in</strong></span> 
     </span>
     <span class='ocr_line' id='line_1_89' title="bbox 1658 3472 2722 3537; baseline 0.006 -17"><span class='ocrx_word' id='word_1_494' title='bbox 1658 3472 1869 3537; x_wconf 75' lang='lat' dir='ltr'><strong>siugulis</strong></span> <span class='ocrx_word' id='word_1_495' title='bbox 1879 3473 2223 3525; x_wconf 81' lang='lat' dir='ltr'><strong>animantibus</strong></span> <span class='ocrx_word' id='word_1_496' title='bbox 2235 3474 2427 3525; x_wconf 77' lang='lat' dir='ltr'><strong>innatae</strong></span> <span class='ocrx_word' id='word_1_497' title='bbox 2443 3475 2592 3526; x_wconf 73' lang='lat' dir='ltr'><strong>mim</strong></span> <span class='ocrx_word' id='word_1_498' title='bbox 2604 3491 2722 3528; x_wconf 88' lang='lat' dir='ltr'><strong>con·</strong></span> 
     </span>
     <span class='ocr_line' id='line_1_90' title="bbox 1647 3550 2717 3615; baseline 0.007 -17"><span class='ocrx_word' id='word_1_499' title='bbox 1647 3550 1937 3615; x_wconf 83' lang='lat' dir='ltr'><strong>junctionis</strong></span> <span class='ocrx_word' id='word_1_500' title='bbox 1965 3557 2023 3601; x_wconf 89' lang='lat' dir='ltr'><strong>et</strong></span> <span class='ocrx_word' id='word_1_501' title='bbox 2062 3552 2435 3615; x_wconf 70' lang='lat' dir='ltr'><strong>procreationis</strong></span> <span class='ocrx_word' id='word_1_502' title='bbox 2458 3553 2717 3606; x_wconf 83' lang='lat' dir='ltr'><strong>libidines.</strong></span> 
     </span>
     <span class='ocr_line' id='line_1_91' title="bbox 1657 3625 2719 3694; baseline 0.007 -20"><span class='ocrx_word' id='word_1_503' title='bbox 1657 3625 1882 3679; x_wconf 78' lang='lat' dir='ltr'><strong>Quidam</strong></span> <span class='ocrx_word' id='word_1_504' title='bbox 1921 3627 2065 3677; x_wconf 82' lang='lat' dir='ltr'><strong>docti</strong></span> <span class='ocrx_word' id='word_1_505' title='bbox 2105 3628 2378 3692; x_wconf 82' lang='lat' dir='ltr'><strong>legendum</strong></span> <span class='ocrx_word' id='word_1_506' title='bbox 2415 3637 2613 3694; x_wconf 71' lang='lat' dir='ltr'><strong>putent</strong></span> <span class='ocrx_word' id='word_1_507' title='bbox 2649 3648 2719 3681; x_wconf 73' lang='lat' dir='ltr'><strong>u·</strong></span> 
     </span>
     <span class='ocr_line' id='line_1_92' title="bbox 1651 3701 2714 3772; baseline 0.009 -23"><span class='ocrx_word' id='word_1_508' title='bbox 1651 3701 1796 3765; x_wconf 76' lang='lat' dir='ltr'><strong>pidoe,</strong></span> <span class='ocrx_word' id='word_1_509' title='bbox 1818 3711 1876 3752; x_wconf 90' lang='lat' dir='ltr'><strong>ut</strong></span> <span class='ocrx_word' id='word_1_510' title='bbox 1894 3704 2157 3754; x_wconf 77' lang='lat' dir='ltr'><strong>cohaereat</strong></span> <span class='ocrx_word' id='word_1_511' title='bbox 2179 3718 2296 3755; x_wconf 91' lang='lat' dir='ltr'><strong>cum</strong></span> <span class='ocrx_word' id='word_1_512' title='bbox 2337 3720 2467 3756; x_wconf 83' lang='lat' dir='ltr'><strong>voce</strong></span> <span class='ocrx_word' id='word_1_513' title='bbox 2499 3710 2714 3772; x_wconf 68' lang='lat' dir='ltr'><strong>pecudes.</strong></span> 
     </span>
     <span class='ocr_line' id='line_1_93' title="bbox 1655 3778 1837 3827; baseline 0.005 -1"><span class='ocrx_word' id='word_1_514' title='bbox 1655 3778 1837 3827; x_wconf 86' lang='lat' dir='ltr'><strong>Lamb.</strong></span> 
     </span>
    </p>

    <p class='ocr_par' dir='ltr' id='par_1_16' title="bbox 1648 3853 2713 4230">
     <span class='ocr_line' id='line_1_94' title="bbox 1720 3853 2713 3927; baseline 0.01 -25"><span class='ocrx_word' id='word_1_515' title='bbox 1720 3853 2021 3919; x_wconf 75' lang='lat' dir='ltr'><strong>Generatim]</strong></span> <span class='ocrx_word' id='word_1_516' title='bbox 2092 3856 2199 3906; x_wconf 84' lang='lat' dir='ltr'><strong>Per</strong></span> <span class='ocrx_word' id='word_1_517' title='bbox 2253 3871 2446 3921; x_wconf 77' lang='lat' dir='ltr'><strong>genere</strong></span> <span class='ocrx_word' id='word_1_518' title='bbox 2490 3873 2713 3927; x_wconf 65' lang='lat' dir='ltr'><strong>queque</strong></span> 
     </span>
     <span class='ocr_line' id='line_1_95' title="bbox 1652 3928 2711 3996; baseline 0.008 -18"><span class='ocrx_word' id='word_1_519' title='bbox 1652 3930 1896 3979; x_wconf 70' lang='lat' dir='ltr'><strong>animalia</strong></span> <span class='ocrx_word' id='word_1_520' title='bbox 1916 3928 2070 3980; x_wconf 80' lang='lat' dir='ltr'><strong>foetus</strong></span> <span class='ocrx_word' id='word_1_521' title='bbox 2094 3940 2405 3996; x_wconf 71' lang='lat' dir='ltr'><strong>propagant.</strong></span> <span class='ocrx_word' id='word_1_522' title='bbox 2477 3936 2590 3986; x_wconf 84' lang='lat' dir='ltr'><strong>Leo</strong></span> <span class='ocrx_word' id='word_1_523' title='bbox 2613 3937 2711 3987; x_wconf 88' lang='lat' dir='ltr'><strong>leo·</strong></span> 
     </span>
     <span class='ocr_line' id='line_1_96' title="bbox 1652 4008 2709 4072; baseline 0.007 -17"><span class='ocrx_word' id='word_1_524' title='bbox 1652 4021 1763 4066; x_wconf 87' lang='lat' dir='ltr'><strong>nes,</strong></span> <span class='ocrx_word' id='word_1_525' title='bbox 1783 4020 1948 4070; x_wconf 89' lang='lat' dir='ltr'><strong>equus</strong></span> <span class='ocrx_word' id='word_1_526' title='bbox 1967 4021 2143 4072; x_wconf 89' lang='lat' dir='ltr'><strong>equos,</strong></span> <span class='ocrx_word' id='word_1_527' title='bbox 2172 4014 2227 4058; x_wconf 84' lang='lat' dir='ltr'><strong>et</strong></span> <span class='ocrx_word' id='word_1_528' title='bbox 2248 4008 2326 4058; x_wconf 83' lang='lat' dir='ltr'><strong>sic</strong></span> <span class='ocrx_word' id='word_1_529' title='bbox 2349 4010 2401 4059; x_wconf 87' lang='lat' dir='ltr'><strong>in</strong></span> <span class='ocrx_word' id='word_1_530' title='bbox 2416 4015 2628 4064; x_wconf 80' lang='lat' dir='ltr'><strong>caeteris</strong></span> <span class='ocrx_word' id='word_1_531' title='bbox 2650 4012 2709 4062; x_wconf 89' lang='lat' dir='ltr'><strong>si·</strong></span> 
     </span>
     <span class='ocr_line' id='line_1_97' title="bbox 1650 4083 2711 4138; baseline 0.006 -6"><span class='ocrx_word' id='word_1_532' title='bbox 1650 4084 1875 4133; x_wconf 84' lang='lat' dir='ltr'><strong>milibus.</strong></span> <span class='ocrx_word' id='word_1_533' title='bbox 1942 4084 2075 4134; x_wconf 74' lang='lat' dir='ltr'><strong>Haec</strong></span> <span class='ocrx_word' id='word_1_534' title='bbox 2096 4083 2347 4135; x_wconf 68' lang='lat' dir='ltr'><strong>adverbia</strong></span> <span class='ocrx_word' id='word_1_535' title='bbox 2370 4087 2447 4137; x_wconf 93' lang='lat' dir='ltr'><strong>sic</strong></span> <span class='ocrx_word' id='word_1_536' title='bbox 2471 4089 2711 4138; x_wconf 79' lang='lat' dir='ltr'><strong>exeuntia</strong></span> 
     </span>
     <span class='ocr_line' id='line_1_98' title="bbox 1648 4157 2709 4230; baseline 0.008 -22"><span class='ocrx_word' id='word_1_537' title='bbox 1648 4157 1944 4210; x_wconf 80' lang='lat' dir='ltr'><strong>referuntur</strong></span> <span class='ocrx_word' id='word_1_538' title='bbox 1978 4159 2028 4207; x_wconf 94' lang='lat' dir='ltr'><strong>in</strong></span> <span class='ocrx_word' id='word_1_539' title='bbox 2067 4161 2272 4210; x_wconf 84' lang='lat' dir='ltr'><strong>nomina</strong></span> <span class='ocrx_word' id='word_1_540' title='bbox 2295 4162 2483 4226; x_wconf 85' lang='lat' dir='ltr'><strong>quibus</strong></span> <span class='ocrx_word' id='word_1_541' title='bbox 2506 4178 2709 4230; x_wconf 81' lang='lat' dir='ltr'><strong>compo·</strong></span> 
     </span>
    </p>
   </div>
   <div class='ocr_carea' id='block_1_7' title="bbox 1648 4237 2735 4306">
    <p class='ocr_par' dir='ltr' id='par_1_17' title="bbox 1648 4237 2735 4306">
     <span class='ocr_line' id='line_1_99' title="bbox 1648 4237 2735 4306; baseline 0.006 -21"><span class='ocrx_word' id='word_1_542' title='bbox 1648 4243 1861 4298; x_wconf 86' lang='lat' dir='ltr'><strong>nuntur,</strong></span> <span class='ocrx_word' id='word_1_543' title='bbox 1894 4243 1949 4286; x_wconf 87' lang='lat' dir='ltr'><strong>et</strong></span> <span class='ocrx_word' id='word_1_544' title='bbox 1981 4237 2113 4287; x_wconf 86' lang='lat' dir='ltr'><strong>hanc</strong></span> <span class='ocrx_word' id='word_1_545' title='bbox 2142 4238 2571 4303; x_wconf 67' lang='lat' dir='ltr'><strong>praepositionem</strong></span> <span class='ocrx_word' id='word_1_546' title='bbox 2594 4244 2735 4306; x_wconf 73' lang='lat' dir='ltr'><strong>pere·</strong></span> 
     </span>
    </p>
   </div>
   <div class='ocr_carea' id='block_1_8' title="bbox 1648 4313 2709 4386">
    <p class='ocr_par' dir='ltr' id='par_1_18' title="bbox 1648 4313 2709 4386">
     <span class='ocr_line' id='line_1_100' title="bbox 1648 4313 2709 4386; baseline 0.003 -22"><span class='ocrx_word' id='word_1_547' title='bbox 1648 4321 1708 4364; x_wconf 87' lang='lat' dir='ltr'><strong>ut</strong></span> <span class='ocrx_word' id='word_1_548' title='bbox 1726 4313 2008 4378; x_wconf 74' lang='lat' dir='ltr'><strong>generatim</strong></span> <span class='ocrx_word' id='word_1_549' title='bbox 2032 4328 2128 4378; x_wconf 83' lang='lat' dir='ltr'><strong>per</strong></span> <span class='ocrx_word' id='word_1_550' title='bbox 2145 4314 2348 4379; x_wconf 77' lang='lat' dir='ltr'><strong>singula</strong></span> <span class='ocrx_word' id='word_1_551' title='bbox 2368 4332 2582 4386; x_wconf 78' lang='lat' dir='ltr'><strong>genera,</strong></span> <span class='ocrx_word' id='word_1_552' title='bbox 2603 4332 2709 4368; x_wconf 88' lang='lat' dir='ltr'><strong>mu·</strong></span> 
     </span>
    </p>
   </div>
  </div>
 </body>
</html>
