<?xml version="1.0" encoding="UTF-8"?>
<!DOCTYPE html PUBLIC "-//W3C//DTD XHTML 1.0 Transitional//EN"
    "http://www.w3.org/TR/xhtml1/DTD/xhtml1-transitional.dtd">
<html xmlns="http://www.w3.org/1999/xhtml" xml:lang="en" lang="en">
 <head>
  <title>
</title>
<meta http-equiv="Content-Type" content="text/html;charset=utf-8" />
  <meta name='ocr-system' content='tesseract 3.04.00' />
  <meta name='ocr-capabilities' content='ocr_page ocr_carea ocr_par ocr_line ocrx_word'/>
</head>
<body>
  <div class='ocr_page' id='page_1' title='image "./dererumnaturali01unkngoog_0321.png"; bbox 0 0 3009 4925; ppageno 0'>
   <div class='ocr_carea' id='block_1_1' title="bbox 477 464 2175 524">
    <p class='ocr_par' dir='ltr' id='par_1_1' title="bbox 477 464 2175 524">
     <span class='ocr_line' id='line_1_1' title="bbox 477 464 2175 524; baseline -0.004 -2"><span class='ocrx_word' id='word_1_1' title='bbox 477 475 545 523; x_wconf 73' lang='lat' dir='ltr'><strong>&#39;l&#39;-</strong></span> <span class='ocrx_word' id='word_1_2' title='bbox 593 471 953 524; x_wconf 78' lang='lat' dir='ltr'><strong>LUcRssTu</strong></span> <span class='ocrx_word' id='word_1_3' title='bbox 1002 467 1182 519; x_wconf 71' lang='lat' dir='ltr'><strong>cant</strong></span> <span class='ocrx_word' id='word_1_4' title='bbox 1233 465 1330 516; x_wconf 75' lang='grc' dir='ltr'><strong>ΠΒ</strong></span> <span class='ocrx_word' id='word_1_5' title='bbox 1377 464 1649 515; x_wconf 73' lang='lat' dir='ltr'>RERUM</span> <span class='ocrx_word' id='word_1_6' title='bbox 1700 465 1876 515; x_wconf 73' lang='lat' dir='ltr'><strong>NA&#39;r.</strong></span> <span class='ocrx_word' id='word_1_7' title='bbox 1928 466 2077 519; x_wconf 83' lang='lat' dir='ltr'><strong>LIB.</strong></span> <span class='ocrx_word' id='word_1_8' title='bbox 2127 468 2175 516; x_wconf 85' lang='lat'><strong>1.</strong></span> 
     </span>
    </p>
   </div>
   <div class='ocr_carea' id='block_1_2' title="bbox 215 612 1328 4447">
    <p class='ocr_par' dir='ltr' id='par_1_2' title="bbox 215 612 1328 3834">
     <span class='ocr_line' id='line_1_2' title="bbox 265 612 1327 684; baseline -0.01 -13"><span class='ocrx_word' id='word_1_9' title='bbox 265 618 536 684; x_wconf 86' lang='lat' dir='ltr'><strong>nicipatim</strong></span> <span class='ocrx_word' id='word_1_10' title='bbox 560 631 655 683; x_wconf 90' lang='lat' dir='ltr'><strong>per</strong></span> <span class='ocrx_word' id='word_1_11' title='bbox 676 615 975 680; x_wconf 87' lang='lat' dir='ltr'><strong>municipia,</strong></span> <span class='ocrx_word' id='word_1_12' title='bbox 997 612 1207 664; x_wconf 84' lang='lat' dir='ltr'><strong>vicatim</strong></span> <span class='ocrx_word' id='word_1_13' title='bbox 1233 625 1327 676; x_wconf 88' lang='lat' dir='ltr'><strong>per</strong></span> 
     </span>
     <span class='ocr_line' id='line_1_3' title="bbox 266 690 1328 760; baseline -0.009 -14"><span class='ocrx_word' id='word_1_14' title='bbox 266 697 429 760; x_wconf 78' lang='lat' dir='ltr'><strong>vicos,</strong></span> <span class='ocrx_word' id='word_1_15' title='bbox 448 695 681 746; x_wconf 72' lang='lat' dir='ltr'><strong>ostiatim</strong></span> <span class='ocrx_word' id='word_1_16' title='bbox 706 707 800 758; x_wconf 91' lang='lat' dir='ltr'><strong>per</strong></span> <span class='ocrx_word' id='word_1_17' title='bbox 813 693 964 753; x_wconf 87' lang='lat' dir='ltr'><strong>ostia,</strong></span> <span class='ocrx_word' id='word_1_18' title='bbox 983 690 1215 742; x_wconf 88' lang='lat' dir='ltr'><strong>tributim</strong></span> <span class='ocrx_word' id='word_1_19' title='bbox 1233 702 1328 753; x_wconf 88' lang='lat' dir='ltr'><strong>per</strong></span> 
     </span>
     <span class='ocr_line' id='line_1_4' title="bbox 215 768 1328 835; baseline -0.009 -12"><span class='ocrx_word' id='word_1_20' title='bbox 215 811 222 816; x_wconf 83' lang='lat'><strong>.</strong></span> <span class='ocrx_word' id='word_1_21' title='bbox 268 771 454 835; x_wconf 86' lang='lat' dir='ltr'><strong>tribus,</strong></span> <span class='ocrx_word' id='word_1_22' title='bbox 482 771 770 835; x_wconf 86' lang='lat' dir='ltr'><strong>populatim</strong></span> <span class='ocrx_word' id='word_1_23' title='bbox 803 784 896 833; x_wconf 88' lang='lat' dir='ltr'><strong>per</strong></span> <span class='ocrx_word' id='word_1_24' title='bbox 931 768 1182 833; x_wconf 86' lang='lat' dir='ltr'><strong>populos:</strong></span> <span class='ocrx_word' id='word_1_25' title='bbox 1217 779 1328 814; x_wconf 90' lang='lat' dir='ltr'><strong>rns·</strong></span> 
     </span>
     <span class='ocr_line' id='line_1_5' title="bbox 267 844 1327 910; baseline -0.006 -12"><span class='ocrx_word' id='word_1_26' title='bbox 267 848 473 898; x_wconf 83' lang='lat' dir='ltr'><strong>ticatim</strong></span> <span class='ocrx_word' id='word_1_27' title='bbox 498 855 673 898; x_wconf 87' lang='lat' dir='ltr'><strong>tamen</strong></span> <span class='ocrx_word' id='word_1_28' title='bbox 697 847 886 897; x_wconf 77' lang='lat' dir='ltr'><strong>rustice</strong></span> <span class='ocrx_word' id='word_1_29' title='bbox 922 844 1204 910; x_wconf 76' lang='lat' dir='ltr'><strong>significat,</strong></span> <span class='ocrx_word' id='word_1_30' title='bbox 1242 857 1327 892; x_wconf 90' lang='lat' dir='ltr'><strong>nr·</strong></span> 
     </span>
     <span class='ocr_line' id='line_1_6' title="bbox 265 920 1327 987; baseline -0.006 -12"><span class='ocrx_word' id='word_1_31' title='bbox 265 924 500 975; x_wconf 85' lang='lat' dir='ltr'><strong>banatim</strong></span> <span class='ocrx_word' id='word_1_32' title='bbox 516 924 731 975; x_wconf 87' lang='lat' dir='ltr'><strong>urbane.</strong></span> <span class='ocrx_word' id='word_1_33' title='bbox 749 923 1094 987; x_wconf 70' lang='lat' dir='ltr'><strong>Pomponius:</strong></span> <span class='ocrx_word' id='word_1_34' title='bbox 1112 923 1128 951; x_wconf 80' lang='lat'>⁸</span> <span class='ocrx_word' id='word_1_35' title='bbox 1142 920 1214 971; x_wconf 83' lang='lat' dir='ltr'><strong>At</strong></span> <span class='ocrx_word' id='word_1_36' title='bbox 1230 934 1327 983; x_wconf 81' lang='lat' dir='ltr'><strong>ego</strong></span> 
     </span>
     <span class='ocr_line' id='line_1_7' title="bbox 267 996 1327 1065; baseline -0.005 -13"><span class='ocrx_word' id='word_1_37' title='bbox 267 1003 555 1052; x_wconf 84' lang='lat' dir='ltr'><strong>rusticatim</strong></span> <span class='ocrx_word' id='word_1_38' title='bbox 569 1008 799 1065; x_wconf 85' lang='lat' dir='ltr'><strong>tangam,</strong></span> <span class='ocrx_word' id='word_1_39' title='bbox 810 1000 1099 1050; x_wconf 84' lang='lat' dir='ltr'><strong>urbanatim</strong></span> <span class='ocrx_word' id='word_1_40' title='bbox 1114 996 1327 1048; x_wconf 64' lang='lat' dir='ltr'><strong>nescio!</strong></span> 
     </span>
     <span class='ocr_line' id='line_1_8' title="bbox 265 1076 1327 1139; baseline -0.005 -10"><span class='ocrx_word' id='word_1_41' title='bbox 265 1079 476 1130; x_wconf 75' lang='lat' dir='ltr'><strong>&#39;suatim</strong></span> <span class='ocrx_word' id='word_1_42' title='bbox 501 1086 592 1129; x_wconf 87' lang='lat' dir='ltr'><strong>tuo</strong></span> <span class='ocrx_word' id='word_1_43' title='bbox 627 1094 787 1129; x_wconf 87' lang='lat' dir='ltr'><strong>more.</strong></span> <span class='ocrx_word' id='word_1_44' title='bbox 854 1077 1133 1139; x_wconf 83' lang='lat' dir='ltr'><strong>Artnatim,</strong></span> <span class='ocrx_word' id='word_1_45' title='bbox 1156 1084 1213 1127; x_wconf 92' lang='lat' dir='ltr'><strong>ut</strong></span> <span class='ocrx_word' id='word_1_46' title='bbox 1237 1076 1327 1125; x_wconf 86' lang='lat' dir='ltr'><strong>illa</strong></span> 
     </span>
     <span class='ocr_line' id='line_1_9' title="bbox 267 1155 1326 1221; baseline -0.003 -15"><span class='ocrx_word' id='word_1_47' title='bbox 267 1157 463 1221; x_wconf 84' lang='lat' dir='ltr'><strong>priora,</strong></span> <span class='ocrx_word' id='word_1_48' title='bbox 487 1170 584 1221; x_wconf 86' lang='lat' dir='ltr'><strong>per</strong></span> <span class='ocrx_word' id='word_1_49' title='bbox 606 1164 777 1207; x_wconf 84' lang='lat' dir='ltr'><strong>artus:</strong></span> <span class='ocrx_word' id='word_1_50' title='bbox 813 1155 1090 1220; x_wconf 75' lang='lat' dir='ltr'><strong>generatim</strong></span> <span class='ocrx_word' id='word_1_51' title='bbox 1114 1169 1209 1219; x_wconf 88' lang='lat' dir='ltr'><strong>per</strong></span> <span class='ocrx_word' id='word_1_52' title='bbox 1239 1168 1326 1218; x_wconf 84' lang='lat' dir='ltr'><strong>ge-</strong></span> 
     </span>
     <span class='ocr_line' id='line_1_10' title="bbox 265 1232 1324 1284; baseline 0 -1"><span class='ocrx_word' id='word_1_53' title='bbox 265 1249 409 1284; x_wconf 84' lang='lat' dir='ltr'><strong>nera.</strong></span> <span class='ocrx_word' id='word_1_54' title='bbox 466 1233 637 1284; x_wconf 83' lang='lat' dir='ltr'><strong>Aliter</strong></span> <span class='ocrx_word' id='word_1_55' title='bbox 659 1241 835 1283; x_wconf 88' lang='lat' dir='ltr'><strong>tamen</strong></span> <span class='ocrx_word' id='word_1_56' title='bbox 857 1233 1022 1283; x_wconf 90' lang='lat' dir='ltr'><strong>utitur</strong></span> <span class='ocrx_word' id='word_1_57' title='bbox 1040 1232 1210 1282; x_wconf 86' lang='lat' dir='ltr'><strong>Varro</strong></span> <span class='ocrx_word' id='word_1_58' title='bbox 1232 1232 1324 1283; x_wconf 88' lang='lat' dir='ltr'><strong>lib.</strong></span> 
     </span>
     <span class='ocr_line' id='line_1_11' title="bbox 266 1307 1325 1375; baseline -0.003 -16"><span class='ocrx_word' id='word_1_59' title='bbox 266 1315 315 1359; x_wconf 83' lang='lat'><strong>5.</strong></span> <span class='ocrx_word' id='word_1_60' title='bbox 335 1309 403 1360; x_wconf 88' lang='lat' dir='ltr'><strong>de</strong></span> <span class='ocrx_word' id='word_1_61' title='bbox 423 1310 484 1360; x_wconf 82' lang='lat' dir='ltr'><strong>L.</strong></span> <span class='ocrx_word' id='word_1_62' title='bbox 504 1310 563 1360; x_wconf 87' lang='lat' dir='ltr'><strong>L.</strong></span> <span class='ocrx_word' id='word_1_63' title='bbox 598 1309 922 1375; x_wconf 76' lang='lat' dir='ltr'><strong>Quandoque</strong></span> <span class='ocrx_word' id='word_1_64' title='bbox 941 1314 1063 1357; x_wconf 88' lang='lat' dir='ltr'><strong>sunt</strong></span> <span class='ocrx_word' id='word_1_65' title='bbox 1080 1307 1325 1372; x_wconf 89' lang='lat' dir='ltr'><strong>simplici-</strong></span> 
     </span>
     <span class='ocr_line' id='line_1_12' title="bbox 264 1383 1326 1438; baseline -0.005 0"><span class='ocrx_word' id='word_1_66' title='bbox 264 1395 348 1438; x_wconf 87' lang='lat' dir='ltr'><strong>ter</strong></span> <span class='ocrx_word' id='word_1_67' title='bbox 373 1387 648 1436; x_wconf 81' lang='lat' dir='ltr'><strong>adverbia:</strong></span> <span class='ocrx_word' id='word_1_68' title='bbox 685 1393 742 1435; x_wconf 89' lang='lat' dir='ltr'><strong>ut</strong></span> <span class='ocrx_word' id='word_1_69' title='bbox 764 1384 1066 1436; x_wconf 77' lang='lat' dir='ltr'><strong>moderatim</strong></span> <span class='ocrx_word' id='word_1_70' title='bbox 1090 1383 1225 1433; x_wconf 91' lang='lat' dir='ltr'><strong>idem</strong></span> <span class='ocrx_word' id='word_1_71' title='bbox 1245 1389 1326 1433; x_wconf 89' lang='lat' dir='ltr'><strong>est</strong></span> 
     </span>
     <span class='ocr_line' id='line_1_13' title="bbox 263 1459 1323 1527; baseline -0.002 -16"><span class='ocrx_word' id='word_1_72' title='bbox 263 1461 400 1527; x_wconf 89' lang='lat' dir='ltr'><strong>quod</strong></span> <span class='ocrx_word' id='word_1_73' title='bbox 423 1461 725 1511; x_wconf 84' lang='lat' dir='ltr'><strong>moderate:</strong></span> <span class='ocrx_word' id='word_1_74' title='bbox 751 1461 971 1511; x_wconf 87' lang='lat' dir='ltr'><strong>canatim</strong></span> <span class='ocrx_word' id='word_1_75' title='bbox 990 1474 1131 1512; x_wconf 87' lang='lat' dir='ltr'><strong>more</strong></span> <span class='ocrx_word' id='word_1_76' title='bbox 1151 1459 1323 1510; x_wconf 88' lang='lat' dir='ltr'><strong>canis:</strong></span> 
     </span>
     <span class='ocr_line' id='line_1_14' title="bbox 264 1536 1326 1589; baseline -0.004 0"><span class='ocrx_word' id='word_1_77' title='bbox 264 1538 452 1589; x_wconf 88' lang='lat' dir='ltr'><strong>suatim</strong></span> <span class='ocrx_word' id='word_1_78' title='bbox 485 1553 627 1588; x_wconf 89' lang='lat' dir='ltr'><strong>more</strong></span> <span class='ocrx_word' id='word_1_79' title='bbox 658 1538 795 1588; x_wconf 86' lang='lat' dir='ltr'><strong>suis:</strong></span> <span class='ocrx_word' id='word_1_80' title='bbox 831 1537 1029 1588; x_wconf 87' lang='lat' dir='ltr'><strong>boatim</strong></span> <span class='ocrx_word' id='word_1_81' title='bbox 1057 1550 1202 1586; x_wconf 88' lang='lat' dir='ltr'><strong>more</strong></span> <span class='ocrx_word' id='word_1_82' title='bbox 1235 1536 1326 1586; x_wconf 82' lang='lat' dir='ltr'><strong>bo·</strong></span> 
     </span>
     <span class='ocr_line' id='line_1_15' title="bbox 264 1612 1324 1665; baseline -0.004 0"><span class='ocrx_word' id='word_1_83' title='bbox 264 1615 375 1665; x_wconf 78' lang='lat' dir='ltr'><strong>vis:</strong></span> <span class='ocrx_word' id='word_1_84' title='bbox 403 1621 463 1665; x_wconf 88' lang='lat' dir='ltr'><strong>ut</strong></span> <span class='ocrx_word' id='word_1_85' title='bbox 481 1616 525 1664; x_wconf 88' lang='lat' dir='ltr'><strong>si</strong></span> <span class='ocrx_word' id='word_1_86' title='bbox 547 1614 689 1665; x_wconf 87' lang='lat' dir='ltr'><strong>dicas</strong></span> <span class='ocrx_word' id='word_1_87' title='bbox 713 1614 937 1665; x_wconf 89' lang='lat' dir='ltr'><strong>canatim</strong></span> <span class='ocrx_word' id='word_1_88' title='bbox 964 1612 1158 1664; x_wconf 86' lang='lat' dir='ltr'><strong>rabiem</strong></span> <span class='ocrx_word' id='word_1_89' title='bbox 1176 1627 1324 1662; x_wconf 84' lang='lat' dir='ltr'><strong>exer·</strong></span> 
     </span>
     <span class='ocr_line' id='line_1_16' title="bbox 265 1689 1323 1756; baseline -0.007 -13"><span class='ocrx_word' id='word_1_90' title='bbox 265 1700 373 1756; x_wconf 87' lang='lat' dir='ltr'><strong>cet,</strong></span> <span class='ocrx_word' id='word_1_91' title='bbox 402 1695 593 1743; x_wconf 88' lang='lat' dir='ltr'><strong>suatim</strong></span> <span class='ocrx_word' id='word_1_92' title='bbox 634 1697 912 1756; x_wconf 76' lang='lat' dir='ltr'><strong>spurcatur</strong></span> <span class='ocrx_word' id='word_1_93' title='bbox 947 1695 1003 1740; x_wconf 86' lang='lat' dir='ltr'><strong>et</strong></span> <span class='ocrx_word' id='word_1_94' title='bbox 1038 1689 1323 1752; x_wconf 84' lang='lat' dir='ltr'><strong>volutatur,</strong></span> 
     </span>
     <span class='ocr_line' id='line_1_17' title="bbox 265 1769 1323 1834; baseline -0.005 -12"><span class='ocrx_word' id='word_1_95' title='bbox 265 1780 322 1822; x_wconf 87' lang='lat' dir='ltr'><strong>et</strong></span> <span class='ocrx_word' id='word_1_96' title='bbox 353 1771 550 1821; x_wconf 85' lang='lat' dir='ltr'><strong>boatim</strong></span> <span class='ocrx_word' id='word_1_97' title='bbox 597 1770 812 1833; x_wconf 82' lang='lat' dir='ltr'><strong>incedit,</strong></span> <span class='ocrx_word' id='word_1_98' title='bbox 856 1777 947 1820; x_wconf 85' lang='lat' dir='ltr'><strong>ant</strong></span> <span class='ocrx_word' id='word_1_99' title='bbox 982 1769 1189 1834; x_wconf 80' lang='lat' dir='ltr'><strong>aspicit,</strong></span> <span class='ocrx_word' id='word_1_100' title='bbox 1231 1779 1323 1818; x_wconf 83' lang='lat' dir='ltr'><strong>ant</strong></span> 
     </span>
     <span class='ocr_line' id='line_1_18' title="bbox 265 1845 1322 1912; baseline -0.001 -14"><span class='ocrx_word' id='word_1_101' title='bbox 265 1848 514 1898; x_wconf 88' lang='lat' dir='ltr'><strong>comedit.</strong></span> <span class='ocrx_word' id='word_1_102' title='bbox 582 1848 764 1897; x_wconf 84' lang='lat' dir='ltr'><strong>Coxim</strong></span> <span class='ocrx_word' id='word_1_103' title='bbox 786 1845 1042 1912; x_wconf 81' lang='lat' dir='ltr'><strong>significat</strong></span> <span class='ocrx_word' id='word_1_104' title='bbox 1072 1847 1125 1896; x_wconf 89' lang='lat' dir='ltr'><strong>in</strong></span> <span class='ocrx_word' id='word_1_105' title='bbox 1163 1847 1322 1898; x_wconf 81' lang='lat' dir='ltr'><strong>coxis.</strong></span> 
     </span>
     <span class='ocr_line' id='line_1_19' title="bbox 261 1923 1321 1978; baseline -0.002 -4"><span class='ocrx_word' id='word_1_106' title='bbox 261 1924 547 1974; x_wconf 56' lang='lat' dir='ltr'><strong>laberius:</strong></span> <span class='ocrx_word' id='word_1_107' title='bbox 598 1923 900 1978; x_wconf 82' lang='lat' dir='ltr'><strong>‘Quantum</strong></span> <span class='ocrx_word' id='word_1_108' title='bbox 942 1931 1022 1974; x_wconf 86' lang='lat' dir='ltr'><strong>est</strong></span> <span class='ocrx_word' id='word_1_109' title='bbox 1063 1923 1321 1973; x_wconf 85' lang='lat' dir='ltr'><strong>hominum</strong></span> 
     </span>
     <span class='ocr_line' id='line_1_20' title="bbox 260 1999 1320 2068; baseline 0 -17"><span class='ocrx_word' id='word_1_110' title='bbox 260 2001 352 2068; x_wconf 83' lang='lat' dir='ltr'><strong>qui</strong></span> <span class='ocrx_word' id='word_1_111' title='bbox 377 2002 548 2052; x_wconf 79' lang='lat' dir='ltr'><strong>coxim</strong></span> <span class='ocrx_word' id='word_1_112' title='bbox 569 2002 790 2051; x_wconf 86' lang='lat' dir='ltr'><strong>cacant.’</strong></span> <span class='ocrx_word' id='word_1_113' title='bbox 854 1999 1192 2066; x_wconf 80' lang='lat' dir='ltr'><strong>Agminatim,</strong></span> <span class='ocrx_word' id='word_1_114' title='bbox 1214 2008 1320 2051; x_wconf 89' lang='lat' dir='ltr'><strong>tnr-</strong></span> 
     </span>
     <span class='ocr_line' id='line_1_21' title="bbox 258 2078 1319 2143; baseline 0 -15"><span class='ocrx_word' id='word_1_115' title='bbox 258 2078 463 2142; x_wconf 80' lang='lat' dir='ltr'><strong>matim,</strong></span> <span class='ocrx_word' id='word_1_116' title='bbox 496 2078 677 2140; x_wconf 87' lang='lat' dir='ltr'><strong>dense,</strong></span> <span class='ocrx_word' id='word_1_117' title='bbox 700 2079 864 2128; x_wconf 74' lang='lat' dir='ltr'><strong>instar</strong></span> <span class='ocrx_word' id='word_1_118' title='bbox 884 2086 1088 2142; x_wconf 82' lang='lat' dir='ltr'><strong>tnrmae,</strong></span> <span class='ocrx_word' id='word_1_119' title='bbox 1110 2084 1200 2128; x_wconf 86' lang='lat' dir='ltr'><strong>aut</strong></span> <span class='ocrx_word' id='word_1_120' title='bbox 1233 2093 1319 2143; x_wconf 76' lang='lat' dir='ltr'><strong>ag-</strong></span> 
     </span>
     <span class='ocr_line' id='line_1_22' title="bbox 258 2151 1320 2221; baseline 0 -16"><span class='ocrx_word' id='word_1_121' title='bbox 258 2151 416 2205; x_wconf 85' lang='lat' dir='ltr'><strong>minis</strong></span> <span class='ocrx_word' id='word_1_122' title='bbox 437 2170 452 2202; x_wconf 76' lang='lat' dir='ltr'><strong>t</strong></span> <span class='ocrx_word' id='word_1_123' title='bbox 489 2155 741 2205; x_wconf 80' lang='lat' dir='ltr'><strong>velitatim</strong></span> <span class='ocrx_word' id='word_1_124' title='bbox 760 2155 899 2204; x_wconf 89' lang='lat' dir='ltr'><strong>ultro</strong></span> <span class='ocrx_word' id='word_1_125' title='bbox 915 2156 1145 2221; x_wconf 83' lang='lat' dir='ltr'><strong>citroque</strong></span> <span class='ocrx_word' id='word_1_126' title='bbox 1178 2169 1320 2205; x_wconf 87' lang='lat' dir='ltr'><strong>more</strong></span> 
     </span>
     <span class='ocr_line' id='line_1_23' title="bbox 257 2230 1321 2294; baseline 0.001 -14"><span class='ocrx_word' id='word_1_127' title='bbox 257 2230 496 2280; x_wconf 78' lang='lat' dir='ltr'><strong>velitum.</strong></span> <span class='ocrx_word' id='word_1_128' title='bbox 561 2230 796 2281; x_wconf 84' lang='lat' dir='ltr'><strong>Zonatim</strong></span> <span class='ocrx_word' id='word_1_129' title='bbox 822 2244 916 2294; x_wconf 88' lang='lat' dir='ltr'><strong>per</strong></span> <span class='ocrx_word' id='word_1_130' title='bbox 936 2245 1106 2279; x_wconf 80' lang='lat' dir='ltr'><strong>zonas.</strong></span> <span class='ocrx_word' id='word_1_131' title='bbox 1153 2233 1321 2281; x_wconf 88' lang='lat' dir='ltr'><strong>Cunc-</strong></span> 
     </span>
     <span class='ocr_line' id='line_1_24' title="bbox 256 2306 1322 2372; baseline 0 -15"><span class='ocrx_word' id='word_1_132' title='bbox 256 2307 351 2357; x_wconf 75' lang='lat' dir='ltr'><strong>tIm</strong></span> <span class='ocrx_word' id='word_1_133' title='bbox 382 2321 476 2372; x_wconf 86' lang='lat' dir='ltr'><strong>per</strong></span> <span class='ocrx_word' id='word_1_134' title='bbox 499 2314 743 2358; x_wconf 77' lang='lat' dir='ltr'><strong>cunctos:</strong></span> <span class='ocrx_word' id='word_1_135' title='bbox 784 2321 885 2372; x_wconf 88' lang='lat' dir='ltr'><strong>qno</strong></span> <span class='ocrx_word' id='word_1_136' title='bbox 908 2306 1154 2357; x_wconf 78' lang='lat' dir='ltr'><strong>adverbio</strong></span> <span class='ocrx_word' id='word_1_137' title='bbox 1178 2306 1322 2357; x_wconf 84' lang='lat' dir='ltr'><strong>Sido·</strong></span> 
     </span>
     <span class='ocr_line' id='line_1_25' title="bbox 256 2381 1317 2449; baseline -0.003 -14"><span class='ocrx_word' id='word_1_138' title='bbox 256 2384 375 2435; x_wconf 77' lang='lat' dir='ltr'><strong>nina</strong></span> <span class='ocrx_word' id='word_1_139' title='bbox 404 2391 461 2435; x_wconf 88' lang='lat' dir='ltr'><strong>et</strong></span> <span class='ocrx_word' id='word_1_140' title='bbox 483 2383 736 2449; x_wconf 86' lang='lat' dir='ltr'><strong>Apuleius</strong></span> <span class='ocrx_word' id='word_1_141' title='bbox 771 2391 1004 2434; x_wconf 88' lang='lat' dir='ltr'><strong>utuntur.</strong></span> <span class='ocrx_word' id='word_1_142' title='bbox 1071 2381 1317 2434; x_wconf 77' lang='lat' dir='ltr'><strong>Efflietim</strong></span> 
     </span>
     <span class='ocr_line' id='line_1_26' title="bbox 255 2460 1319 2527; baseline -0.005 -13"><span class='ocrx_word' id='word_1_143' title='bbox 255 2462 454 2514; x_wconf 87' lang='lat' dir='ltr'><strong>Plauto</strong></span> <span class='ocrx_word' id='word_1_144' title='bbox 485 2462 749 2512; x_wconf 87' lang='lat' dir='ltr'><strong>ardenter.</strong></span> <span class='ocrx_word' id='word_1_145' title='bbox 812 2460 1122 2527; x_wconf 81' lang='lat' dir='ltr'><strong>Exquisitim</strong></span> <span class='ocrx_word' id='word_1_146' title='bbox 1144 2460 1319 2527; x_wconf 85' lang='lat' dir='ltr'><strong>exqui-</strong></span> 
     </span>
     <span class='ocr_line' id='line_1_27' title="bbox 256 2537 1318 2604; baseline -0.001 -16"><span class='ocrx_word' id='word_1_147' title='bbox 256 2540 392 2590; x_wconf 78' lang='lat' dir='ltr'><strong>site:</strong></span> <span class='ocrx_word' id='word_1_148' title='bbox 426 2546 482 2590; x_wconf 85' lang='lat' dir='ltr'><strong>et</strong></span> <span class='ocrx_word' id='word_1_149' title='bbox 517 2538 681 2588; x_wconf 88' lang='lat' dir='ltr'><strong>multa</strong></span> <span class='ocrx_word' id='word_1_150' title='bbox 717 2537 769 2587; x_wconf 89' lang='lat' dir='ltr'><strong>ld</strong></span> <span class='ocrx_word' id='word_1_151' title='bbox 805 2553 987 2601; x_wconf 78' lang='lat' dir='ltr'><strong>genus,</strong></span> <span class='ocrx_word' id='word_1_152' title='bbox 1010 2554 1126 2604; x_wconf 84' lang='lat' dir='ltr'><strong>quae</strong></span> <span class='ocrx_word' id='word_1_153' title='bbox 1151 2538 1318 2587; x_wconf 85' lang='lat' dir='ltr'><strong>libens</strong></span> 
     </span>
     <span class='ocr_line' id='line_1_28' title="bbox 256 2615 1319 2680; baseline -0.001 -15"><span class='ocrx_word' id='word_1_154' title='bbox 256 2617 464 2665; x_wconf 89' lang='lat' dir='ltr'><strong>omitto.</strong></span> <span class='ocrx_word' id='word_1_155' title='bbox 534 2615 780 2665; x_wconf 85' lang='lat' dir='ltr'><strong>Dictione</strong></span> <span class='ocrx_word' id='word_1_156' title='bbox 823 2616 1110 2680; x_wconf 75' lang='lat' dir='ltr'><strong>generatim</strong></span> <span class='ocrx_word' id='word_1_157' title='bbox 1153 2616 1319 2665; x_wconf 88' lang='lat' dir='ltr'><strong>utitur</strong></span> 
     </span>
     <span class='ocr_line' id='line_1_29' title="bbox 256 2693 1317 2756; baseline -0.002 -12"><span class='ocrx_word' id='word_1_158' title='bbox 256 2694 337 2744; x_wconf 77' lang='lat' dir='ltr'><strong>M.</strong></span> <span class='ocrx_word' id='word_1_159' title='bbox 356 2694 559 2744; x_wconf 86' lang='lat' dir='ltr'><strong>Tullius</strong></span> <span class='ocrx_word' id='word_1_160' title='bbox 592 2695 727 2744; x_wconf 88' lang='lat' dir='ltr'><strong>libro</strong></span> <span class='ocrx_word' id='word_1_161' title='bbox 745 2698 824 2745; x_wconf 89' lang='grc'><strong>11.</strong></span> <span class='ocrx_word' id='word_1_162' title='bbox 840 2693 906 2744; x_wconf 87' lang='lat' dir='ltr'><strong>de</strong></span> <span class='ocrx_word' id='word_1_163' title='bbox 924 2694 1149 2745; x_wconf 79' lang='lat' dir='ltr'><strong>Oratore</strong></span> <span class='ocrx_word' id='word_1_164' title='bbox 1170 2710 1184 2743; x_wconf 76' lang='lat' dir='ltr'><strong><em>z</em></strong></span> <span class='ocrx_word' id='word_1_165' title='bbox 1221 2707 1317 2756; x_wconf 88' lang='lat' dir='ltr'><strong>pro</strong></span> 
     </span>
     <span class='ocr_line' id='line_1_30' title="bbox 255 2771 1318 2837; baseline -0.003 -16"><span class='ocrx_word' id='word_1_166' title='bbox 255 2788 361 2837; x_wconf 84' lang='lat' dir='ltr'><strong>qua</strong></span> <span class='ocrx_word' id='word_1_167' title='bbox 389 2772 711 2822; x_wconf 72' lang='lat' dir='ltr'><strong>recentiores</strong></span> <span class='ocrx_word' id='word_1_168' title='bbox 733 2772 901 2821; x_wconf 89' lang='lat' dir='ltr'><strong>minus</strong></span> <span class='ocrx_word' id='word_1_169' title='bbox 918 2771 1082 2822; x_wconf 87' lang='lat' dir='ltr'><strong>nitide</strong></span> <span class='ocrx_word' id='word_1_170' title='bbox 1104 2784 1318 2836; x_wconf 76' lang='lat' dir='ltr'><strong>genera·</strong></span> 
     </span>
     <span class='ocr_line' id='line_1_31' title="bbox 253 2848 1315 2899; baseline 0 -2"><span class='ocrx_word' id='word_1_171' title='bbox 253 2850 381 2898; x_wconf 85' lang='lat' dir='ltr'><strong>liter</strong></span> <span class='ocrx_word' id='word_1_172' title='bbox 398 2849 601 2899; x_wconf 87' lang='lat' dir='ltr'><strong>dicunt.</strong></span> <span class='ocrx_word' id='word_1_173' title='bbox 649 2848 796 2898; x_wconf 80' lang='lat' dir='ltr'><strong>Idem</strong></span> <span class='ocrx_word' id='word_1_174' title='bbox 823 2849 1073 2899; x_wconf 87' lang='lat' dir='ltr'><strong>Ciceroin</strong></span> <span class='ocrx_word' id='word_1_175' title='bbox 1097 2850 1315 2898; x_wconf 82' lang='lat' dir='ltr'><strong>Verrem</strong></span> 
     </span>
     <span class='ocr_line' id='line_1_32' title="bbox 256 2925 1319 2990; baseline 0 -15"><span class='ocrx_word' id='word_1_176' title='bbox 256 2925 462 2976; x_wconf 80' lang='lat' dir='ltr'><strong>actione</strong></span> <span class='ocrx_word' id='word_1_177' title='bbox 502 2932 720 2990; x_wconf 84' lang='lat' dir='ltr'><strong>quarta:</strong></span> <span class='ocrx_word' id='word_1_178' title='bbox 749 2925 767 2954; x_wconf 87' lang='lat'>‘</span> <span class='ocrx_word' id='word_1_179' title='bbox 790 2926 927 2990; x_wconf 83' lang='lat' dir='ltr'><strong>Ergo</strong></span> <span class='ocrx_word' id='word_1_180' title='bbox 972 2925 1039 2975; x_wconf 88' lang='lat' dir='ltr'><strong>ab</strong></span> <span class='ocrx_word' id='word_1_181' title='bbox 1078 2925 1319 2975; x_wconf 82' lang='lat' dir='ltr'><strong>universa</strong></span> 
     </span>
     <span class='ocr_line' id='line_1_33' title="bbox 254 3002 1317 3067; baseline 0.001 -17"><span class='ocrx_word' id='word_1_182' title='bbox 254 3002 528 3067; x_wconf 80' lang='lat' dir='ltr'><strong>provincia</strong></span> <span class='ocrx_word' id='word_1_183' title='bbox 581 3002 971 3067; x_wconf 74' lang='lat' dir='ltr'><strong>generatimque</strong></span> <span class='ocrx_word' id='word_1_184' title='bbox 1017 3018 1050 3052; x_wconf 89' lang='lat' dir='ltr'><strong>a</strong></span> <span class='ocrx_word' id='word_1_185' title='bbox 1101 3002 1317 3067; x_wconf 82' lang='lat' dir='ltr'><strong>singulis</strong></span> 
     </span>
     <span class='ocr_line' id='line_1_34' title="bbox 254 3076 1316 3143; baseline 0.002 -17"><span class='ocrx_word' id='word_1_186' title='bbox 254 3078 368 3141; x_wconf 86' lang='lat' dir='ltr'><strong>ejus</strong></span> <span class='ocrx_word' id='word_1_187' title='bbox 392 3077 630 3143; x_wconf 85' lang='lat' dir='ltr'><strong>partibus</strong></span> <span class='ocrx_word' id='word_1_188' title='bbox 646 3092 749 3128; x_wconf 90' lang='lat' dir='ltr'><strong>non</strong></span> <span class='ocrx_word' id='word_1_189' title='bbox 763 3080 928 3129; x_wconf 87' lang='lat' dir='ltr'><strong>solnm</strong></span> <span class='ocrx_word' id='word_1_190' title='bbox 943 3076 1200 3143; x_wconf 80' lang='lat' dir='ltr'><strong>diligitur,</strong></span> <span class='ocrx_word' id='word_1_191' title='bbox 1225 3078 1316 3129; x_wconf 86' lang='lat' dir='ltr'><strong>sed</strong></span> 
     </span>
     <span class='ocr_line' id='line_1_35' title="bbox 256 3154 1316 3220; baseline 0.002 -16"><span class='ocrx_word' id='word_1_192' title='bbox 256 3154 418 3204; x_wconf 81' lang='lat' dir='ltr'><strong>etiam</strong></span> <span class='ocrx_word' id='word_1_193' title='bbox 442 3154 695 3205; x_wconf 70' lang='lat' dir='ltr'><strong>ornatur!</strong></span> <span class='ocrx_word' id='word_1_194' title='bbox 761 3155 908 3205; x_wconf 80' lang='lat' dir='ltr'><strong>ldem</strong></span> <span class='ocrx_word' id='word_1_195' title='bbox 939 3154 1075 3205; x_wconf 78' lang='lat' dir='ltr'><strong>infra</strong></span> <span class='ocrx_word' id='word_1_196' title='bbox 1113 3157 1165 3206; x_wconf 88' lang='lat' dir='ltr'><strong>in</strong></span> <span class='ocrx_word' id='word_1_197' title='bbox 1201 3171 1316 3220; x_wconf 86' lang='lat' dir='ltr'><strong>sep-</strong></span> 
     </span>
     <span class='ocr_line' id='line_1_36' title="bbox 253 3231 1317 3299; baseline 0 -17"><span class='ocrx_word' id='word_1_198' title='bbox 253 3231 400 3282; x_wconf 88' lang='lat' dir='ltr'><strong>tima.</strong></span> <span class='ocrx_word' id='word_1_199' title='bbox 468 3233 486 3260; x_wconf 77' lang='lat'><strong>⁴</strong></span> <span class='ocrx_word' id='word_1_200' title='bbox 506 3231 647 3284; x_wconf 83' lang='lat' dir='ltr'><strong>Quid</strong></span> <span class='ocrx_word' id='word_1_201' title='bbox 671 3231 948 3295; x_wconf 72' lang='lat' dir='ltr'><strong>sigillatim,</strong></span> <span class='ocrx_word' id='word_1_202' title='bbox 971 3234 1144 3297; x_wconf 85' lang='lat' dir='ltr'><strong>potius</strong></span> <span class='ocrx_word' id='word_1_203' title='bbox 1166 3246 1317 3299; x_wconf 88' lang='lat' dir='ltr'><strong>quam</strong></span> 
     </span>
     <span class='ocr_line' id='line_1_37' title="bbox 257 3308 1321 3376; baseline -0.002 -16"><span class='ocrx_word' id='word_1_204' title='bbox 257 3310 549 3374; x_wconf 79' lang='lat' dir='ltr'><strong>generatim</strong></span> <span class='ocrx_word' id='word_1_205' title='bbox 597 3316 754 3374; x_wconf 87' lang='lat' dir='ltr'><strong>atque</strong></span> <span class='ocrx_word' id='word_1_206' title='bbox 812 3310 1048 3359; x_wconf 83' lang='lat' dir='ltr'><strong>universe</strong></span> <span class='ocrx_word' id='word_1_207' title='bbox 1093 3311 1273 3376; x_wconf 84' lang='lat' dir='ltr'><strong>loquar</strong></span> <span class='ocrx_word' id='word_1_208' title='bbox 1285 3308 1321 3358; x_wconf 84' lang='lat'><strong>?’</strong></span> 
     </span>
     <span class='ocr_line' id='line_1_38' title="bbox 257 3384 1320 3450; baseline -0.004 -12"><span class='ocrx_word' id='word_1_209' title='bbox 257 3388 398 3438; x_wconf 72' lang='lat' dir='ltr'><strong>Pius.</strong></span> <span class='ocrx_word' id='word_1_210' title='bbox 467 3385 609 3436; x_wconf 76' lang='grc' dir='ltr'><strong>Κατὰ</strong></span> <span class='ocrx_word' id='word_1_211' title='bbox 641 3386 699 3436; x_wconf 72' lang='grc' dir='ltr'><strong>τὸ</strong></span> <span class='ocrx_word' id='word_1_212' title='bbox 709 3387 829 3437; x_wconf 72' lang='grc' dir='ltr'>ἴδιον</span> <span class='ocrx_word' id='word_1_213' title='bbox 848 3384 1051 3437; x_wconf 73' lang='grc' dir='ltr'>ἑκάστου</span> <span class='ocrx_word' id='word_1_214' title='bbox 1066 3384 1222 3450; x_wconf 70' lang='grc' dir='ltr'><strong><em>γένος,</em></strong></span> <span class='ocrx_word' id='word_1_215' title='bbox 1240 3399 1320 3435; x_wconf 86' lang='lat' dir='ltr'><strong>se-</strong></span> 
     </span>
     <span class='ocr_line' id='line_1_39' title="bbox 255 3463 1318 3529; baseline -0.001 -17"><span class='ocrx_word' id='word_1_216' title='bbox 255 3463 484 3513; x_wconf 88' lang='lat' dir='ltr'><strong>cundum</strong></span> <span class='ocrx_word' id='word_1_217' title='bbox 524 3477 733 3529; x_wconf 80' lang='lat' dir='ltr'><strong>genera.</strong></span> <span class='ocrx_word' id='word_1_218' title='bbox 767 3464 933 3513; x_wconf 81' lang='lat' dir='ltr'><strong>Lamb.</strong></span> <span class='ocrx_word' id='word_1_219' title='bbox 998 3464 1318 3513; x_wconf 81' lang='lat' dir='ltr'><strong>Vocabulum</strong></span> 
     </span>
     <span class='ocr_line' id='line_1_40' title="bbox 255 3540 1319 3593; baseline 0.003 -3"><span class='ocrx_word' id='word_1_220' title='bbox 255 3540 504 3591; x_wconf 82' lang='lat' dir='ltr'><strong>Lucretio</strong></span> <span class='ocrx_word' id='word_1_221' title='bbox 515 3546 761 3591; x_wconf 87' lang='lat' dir='ltr'><strong>amatum.</strong></span> <span class='ocrx_word' id='word_1_222' title='bbox 792 3541 809 3569; x_wconf 88' lang='lat'>‘</span> <span class='ocrx_word' id='word_1_223' title='bbox 825 3540 1319 3593; x_wconf 75' lang='lat' dir='ltr'><strong>Generatim-saecla.</strong></span> 
     </span>
     <span class='ocr_line' id='line_1_41' title="bbox 257 3616 1319 3682; baseline -0.001 -15"><span class='ocrx_word' id='word_1_224' title='bbox 257 3633 307 3682; x_wconf 85' lang='lat' dir='ltr'><strong>q.</strong></span> <span class='ocrx_word' id='word_1_225' title='bbox 326 3616 378 3668; x_wconf 90' lang='lat' dir='ltr'><strong>d.</strong></span> <span class='ocrx_word' id='word_1_226' title='bbox 412 3617 700 3680; x_wconf 80' lang='lat' dir='ltr'><strong>saeculnm,’</strong></span> <span class='ocrx_word' id='word_1_227' title='bbox 747 3618 797 3668; x_wconf 82' lang='lat' dir='ltr'><strong>h.</strong></span> <span class='ocrx_word' id='word_1_228' title='bbox 820 3631 868 3667; x_wconf 86' lang='lat' dir='ltr'><strong>e.</strong></span> <span class='ocrx_word' id='word_1_229' title='bbox 903 3631 1064 3680; x_wconf 75' lang='lat' dir='ltr'><strong>genus</strong></span> <span class='ocrx_word' id='word_1_230' title='bbox 1098 3631 1319 3682; x_wconf 63' lang='lat' dir='ltr'><strong>quaeque</strong></span> 
     </span>
     <span class='ocr_line' id='line_1_42' title="bbox 255 3688 1319 3757; baseline -0.001 -14"><span class='ocrx_word' id='word_1_231' title='bbox 255 3709 419 3747; x_wconf 86' lang='lat' dir='ltr'><strong>snum.</strong></span> <span class='ocrx_word' id='word_1_232' title='bbox 487 3696 504 3722; x_wconf 79' lang='lat'><strong><em>⁴</em></strong></span> <span class='ocrx_word' id='word_1_233' title='bbox 529 3693 1053 3745; x_wconf 69' lang='lat' dir='ltr'><strong>Generatim-saecla!</strong></span> <span class='ocrx_word' id='word_1_234' title='bbox 1083 3700 1141 3744; x_wconf 90' lang='lat' dir='ltr'><strong>ut</strong></span> <span class='ocrx_word' id='word_1_235' title='bbox 1180 3688 1319 3757; x_wconf 86' lang='lat' dir='ltr'><strong>apud</strong></span> 
     </span>
     <span class='ocr_line' id='line_1_43' title="bbox 256 3768 1109 3834; baseline -0.005 -13"><span class='ocrx_word' id='word_1_236' title='bbox 256 3771 373 3821; x_wconf 61' lang='lat' dir='ltr'><strong>Per.</strong></span> <span class='ocrx_word' id='word_1_237' title='bbox 409 3772 428 3800; x_wconf 88' lang='lat'>‘</span> <span class='ocrx_word' id='word_1_238' title='bbox 452 3768 907 3834; x_wconf 61' lang='lat' dir='ltr'><strong>semper-lenitas?</strong></span> <span class='ocrx_word' id='word_1_239' title='bbox 938 3768 1109 3831; x_wconf 73' lang='lat' dir='ltr'><strong>Prev‘g.</strong></span> 
     </span>
    </p>

    <p class='ocr_par' dir='ltr' id='par_1_3' title="bbox 258 3845 1324 4447">
     <span class='ocr_line' id='line_1_44' title="bbox 318 3845 1320 3911; baseline -0.002 -14"><span class='ocrx_word' id='word_1_240' title='bbox 318 3847 476 3897; x_wconf 70' lang='lat' dir='ltr'><strong>Secta</strong></span> <span class='ocrx_word' id='word_1_241' title='bbox 506 3845 797 3910; x_wconf 75' lang='lat' dir='ltr'><strong>propagent]</strong></span> <span class='ocrx_word' id='word_1_242' title='bbox 834 3846 939 3895; x_wconf 86' lang='lat' dir='ltr'><strong>Sua</strong></span> <span class='ocrx_word' id='word_1_243' title='bbox 980 3859 1175 3911; x_wconf 78' lang='lat' dir='ltr'><strong>genera</strong></span> <span class='ocrx_word' id='word_1_244' title='bbox 1212 3860 1320 3895; x_wconf 89' lang='lat' dir='ltr'><strong>am·</strong></span> 
     </span>
     <span class='ocr_line' id='line_1_45' title="bbox 259 3921 1320 3986; baseline -0.004 -12"><span class='ocrx_word' id='word_1_245' title='bbox 259 3921 501 3985; x_wconf 82' lang='lat' dir='ltr'><strong>plificent</strong></span> <span class='ocrx_word' id='word_1_246' title='bbox 523 3926 584 3972; x_wconf 82' lang='lat' dir='ltr'><strong>et</strong></span> <span class='ocrx_word' id='word_1_247' title='bbox 603 3921 970 3986; x_wconf 88' lang='lat' dir='ltr'><strong>multiplicent,</strong></span> <span class='ocrx_word' id='word_1_248' title='bbox 1001 3922 1054 3970; x_wconf 91' lang='lat' dir='ltr'><strong>in</strong></span> <span class='ocrx_word' id='word_1_249' title='bbox 1097 3921 1200 3970; x_wconf 87' lang='lat' dir='ltr'><strong>hoc</strong></span> <span class='ocrx_word' id='word_1_250' title='bbox 1232 3936 1320 3971; x_wconf 87' lang='lat' dir='ltr'><strong>eo-</strong></span> 
     </span>
     <span class='ocr_line' id='line_1_46' title="bbox 259 3997 1320 4062; baseline 0 -13"><span class='ocrx_word' id='word_1_251' title='bbox 259 3999 373 4049; x_wconf 88' lang='lat' dir='ltr'><strong>dem</strong></span> <span class='ocrx_word' id='word_1_252' title='bbox 390 3998 550 4049; x_wconf 86' lang='lat' dir='ltr'><strong>verbo</strong></span> <span class='ocrx_word' id='word_1_253' title='bbox 575 3997 820 4062; x_wconf 83' lang='lat' dir='ltr'><strong>producit</strong></span> <span class='ocrx_word' id='word_1_254' title='bbox 837 3997 1050 4061; x_wconf 85' lang='lat' dir='ltr'><strong>primam</strong></span> <span class='ocrx_word' id='word_1_255' title='bbox 1069 3997 1320 4062; x_wconf 79' lang='lat' dir='ltr'><strong>syllabam</strong></span> 
     </span>
     <span class='ocr_line' id='line_1_47' title="bbox 258 4072 1321 4139; baseline -0.002 -13"><span class='ocrx_word' id='word_1_256' title='bbox 258 4076 392 4126; x_wconf 78' lang='lat' dir='ltr'><strong>infra</strong></span> <span class='ocrx_word' id='word_1_257' title='bbox 412 4074 598 4125; x_wconf 87' lang='lat' dir='ltr'><strong>eodem</strong></span> <span class='ocrx_word' id='word_1_258' title='bbox 636 4074 755 4124; x_wconf 89' lang='lat' dir='ltr'><strong>libr.</strong></span> <span class='ocrx_word' id='word_1_259' title='bbox 802 4072 1127 4139; x_wconf 78' lang='lat' dir='ltr'><strong>‘Propagare</strong></span> <span class='ocrx_word' id='word_1_260' title='bbox 1161 4088 1321 4139; x_wconf 74' lang='lat' dir='ltr'><strong>genus</strong></span> 
     </span>
     <span class='ocr_line' id='line_1_48' title="bbox 261 4149 1324 4216; baseline -0.002 -15"><span class='ocrx_word' id='word_1_261' title='bbox 261 4153 443 4216; x_wconf 78' lang='lat' dir='ltr'><strong>possit,</strong></span> <span class='ocrx_word' id='word_1_262' title='bbox 468 4152 727 4216; x_wconf 76' lang='lat' dir='ltr'><strong>vitamque</strong></span> <span class='ocrx_word' id='word_1_263' title='bbox 747 4149 919 4200; x_wconf 64' lang='lat' dir='ltr'><strong>tueri!</strong></span> <span class='ocrx_word' id='word_1_264' title='bbox 955 4151 1023 4201; x_wconf 87' lang='lat' dir='ltr'><strong>Et</strong></span> <span class='ocrx_word' id='word_1_265' title='bbox 1060 4164 1183 4200; x_wconf 83' lang='lat' dir='ltr'><strong>sane</strong></span> <span class='ocrx_word' id='word_1_266' title='bbox 1223 4151 1324 4199; x_wconf 89' lang='lat' dir='ltr'><strong>Ln-</strong></span> 
     </span>
     <span class='ocr_line' id='line_1_49' title="bbox 262 4225 1322 4293; baseline -0.003 -15"><span class='ocrx_word' id='word_1_267' title='bbox 262 4229 454 4278; x_wconf 84' lang='lat' dir='ltr'><strong>cretius</strong></span> <span class='ocrx_word' id='word_1_268' title='bbox 488 4225 913 4293; x_wconf 66' lang='lat' dir='ltr'><strong>praepositionem</strong></span> <span class='ocrx_word' id='word_1_269' title='bbox 927 4241 1033 4290; x_wconf 77' lang='lat' dir='ltr'><strong>pro,</strong></span> <span class='ocrx_word' id='word_1_270' title='bbox 1065 4226 1117 4276; x_wconf 90' lang='lat' dir='ltr'><strong>in</strong></span> <span class='ocrx_word' id='word_1_271' title='bbox 1143 4226 1322 4291; x_wconf 87' lang='lat' dir='ltr'><strong>pleris-</strong></span> 
     </span>
     <span class='ocr_line' id='line_1_50' title="bbox 262 4303 1323 4369; baseline 0.004 -17"><span class='ocrx_word' id='word_1_272' title='bbox 262 4318 360 4369; x_wconf 86' lang='lat' dir='ltr'><strong>que</strong></span> <span class='ocrx_word' id='word_1_273' title='bbox 377 4304 680 4369; x_wconf 86' lang='lat' dir='ltr'><strong>compositis</strong></span> <span class='ocrx_word' id='word_1_274' title='bbox 703 4316 841 4352; x_wconf 88' lang='lat' dir='ltr'><strong>nnnc</strong></span> <span class='ocrx_word' id='word_1_275' title='bbox 860 4303 1168 4369; x_wconf 84' lang='lat' dir='ltr'><strong>producere,</strong></span> <span class='ocrx_word' id='word_1_276' title='bbox 1185 4318 1323 4357; x_wconf 82' lang='lat' dir='ltr'><strong>nunc</strong></span> 
     </span>
     <span class='ocr_line' id='line_1_51' title="bbox 262 4379 903 4447; baseline 0 -16"><span class='ocrx_word' id='word_1_277' title='bbox 262 4381 525 4447; x_wconf 83' lang='lat' dir='ltr'><strong>corripere</strong></span> <span class='ocrx_word' id='word_1_278' title='bbox 547 4382 700 4433; x_wconf 85' lang='lat' dir='ltr'><strong>solet.</strong></span> <span class='ocrx_word' id='word_1_279' title='bbox 734 4379 903 4431; x_wconf 70' lang='lat' dir='ltr'><strong>Lumo.</strong></span> 
     </span>
    </p>
   </div>
   <div class='ocr_carea' id='block_1_3' title="bbox 2340 450 2469 518">
    <p class='ocr_par' dir='ltr' id='par_1_4' title="bbox 2340 450 2469 518">
     <span class='ocr_line' id='line_1_52' title="bbox 2340 450 2469 518; baseline 0 0"><span class='ocrx_word' id='word_1_280' title='bbox 2340 450 2469 518; x_wconf 81' lang='lat'><strong>883</strong></span> 
     </span>
    </p>
   </div>
   <div class='ocr_carea' id='block_1_4' title="bbox 1391 607 2469 4442">
    <p class='ocr_par' dir='ltr' id='par_1_5' title="bbox 1391 607 2469 4063">
     <span class='ocr_line' id='line_1_53' title="bbox 1467 607 2461 678; baseline 0 -18"><span class='ocrx_word' id='word_1_281' title='bbox 1467 610 1645 677; x_wconf 67' lang='lat' dir='ltr'><strong>Secta]</strong></span> <span class='ocrx_word' id='word_1_282' title='bbox 1679 610 1795 660; x_wconf 82' lang='lat' dir='ltr'><strong>Vox</strong></span> <span class='ocrx_word' id='word_1_283' title='bbox 1814 611 2145 677; x_wconf 86' lang='lat' dir='ltr'><strong>Lucretiana,</strong></span> <span class='ocrx_word' id='word_1_284' title='bbox 2165 626 2267 678; x_wconf 87' lang='lat' dir='ltr'><strong>qua</strong></span> <span class='ocrx_word' id='word_1_285' title='bbox 2283 615 2338 662; x_wconf 88' lang='lat' dir='ltr'><strong>et</strong></span> <span class='ocrx_word' id='word_1_286' title='bbox 2356 607 2461 675; x_wconf 87' lang='lat' dir='ltr'><strong>alii,</strong></span> 
     </span>
     <span class='ocr_line' id='line_1_54' title="bbox 1401 687 2464 753; baseline -0.002 -15"><span class='ocrx_word' id='word_1_287' title='bbox 1401 694 1462 740; x_wconf 87' lang='lat' dir='ltr'><strong>ut</strong></span> <span class='ocrx_word' id='word_1_288' title='bbox 1477 687 1722 738; x_wconf 83' lang='lat' dir='ltr'><strong>Manilius</strong></span> <span class='ocrx_word' id='word_1_289' title='bbox 1739 688 1791 737; x_wconf 87' lang='lat' dir='ltr'><strong>in</strong></span> <span class='ocrx_word' id='word_1_290' title='bbox 1805 692 1854 739; x_wconf 83' lang='lat'><strong>2.</strong></span> <span class='ocrx_word' id='word_1_291' title='bbox 1875 689 1950 740; x_wconf 88' lang='lat' dir='ltr'><strong>usi</strong></span> <span class='ocrx_word' id='word_1_292' title='bbox 1974 696 2127 751; x_wconf 88' lang='lat' dir='ltr'><strong>sunt;</strong></span> <span class='ocrx_word' id='word_1_293' title='bbox 2153 689 2316 739; x_wconf 85' lang='lat' dir='ltr'><strong>utitur</strong></span> <span class='ocrx_word' id='word_1_294' title='bbox 2339 703 2464 753; x_wconf 88' lang='lat' dir='ltr'><strong>quo·</strong></span> 
     </span>
     <span class='ocr_line' id='line_1_55' title="bbox 1401 764 2466 830; baseline -0.002 -15"><span class='ocrx_word' id='word_1_295' title='bbox 1401 781 1504 830; x_wconf 85' lang='lat' dir='ltr'><strong>que</strong></span> <span class='ocrx_word' id='word_1_296' title='bbox 1523 765 1761 816; x_wconf 83' lang='lat' dir='ltr'><strong>Lucanus</strong></span> <span class='ocrx_word' id='word_1_297' title='bbox 1775 766 1827 814; x_wconf 92' lang='lat' dir='ltr'><strong>in</strong></span> <span class='ocrx_word' id='word_1_298' title='bbox 1844 764 1946 816; x_wconf 85' lang='lat' dir='ltr'><strong>fine</strong></span> <span class='ocrx_word' id='word_1_299' title='bbox 1961 766 2050 817; x_wconf 89' lang='lat' dir='ltr'><strong>lib.</strong></span> <span class='ocrx_word' id='word_1_300' title='bbox 2067 779 2143 817; x_wconf 80' lang='lat' dir='ltr'><strong>vt.</strong></span> <span class='ocrx_word' id='word_1_301' title='bbox 2162 770 2275 816; x_wconf 80' lang='lat'><strong>816.</strong></span> <span class='ocrx_word' id='word_1_302' title='bbox 2290 767 2305 793; x_wconf 78' lang='lat'><strong>⁴</strong></span> <span class='ocrx_word' id='word_1_303' title='bbox 2322 765 2466 817; x_wconf 86' lang='lat' dir='ltr'><strong>Quas</strong></span> 
     </span>
     <span class='ocr_line' id='line_1_56' title="bbox 1392 832 2469 909; baseline 0.001 -18"><span class='ocrx_word' id='word_1_304' title='bbox 1392 832 1581 897; x_wconf 77' lang='lat' dir='ltr'><strong>jubeat</strong></span> <span class='ocrx_word' id='word_1_305' title='bbox 1634 842 1798 892; x_wconf 78' lang='lat' dir='ltr'><strong>vitare</strong></span> <span class='ocrx_word' id='word_1_306' title='bbox 1850 844 2048 908; x_wconf 82' lang='lat' dir='ltr'><strong>plagas,</strong></span> <span class='ocrx_word' id='word_1_307' title='bbox 2104 859 2217 909; x_wconf 84' lang='lat' dir='ltr'><strong>quae</strong></span> <span class='ocrx_word' id='word_1_308' title='bbox 2278 844 2469 894; x_wconf 68' lang='lat' dir='ltr'><strong>nacula</strong></span> 
     </span>
     <span class='ocr_line' id='line_1_57' title="bbox 1402 918 2464 986; baseline 0.002 -17"><span class='ocrx_word' id='word_1_309' title='bbox 1402 918 1614 970; x_wconf 87' lang='lat' dir='ltr'><strong>mundi.&#39;</strong></span> <span class='ocrx_word' id='word_1_310' title='bbox 1680 919 1756 968; x_wconf 88' lang='lat' dir='ltr'><strong>sic</strong></span> <span class='ocrx_word' id='word_1_311' title='bbox 1801 921 1930 984; x_wconf 84' lang='lat' dir='ltr'><strong>legit</strong></span> <span class='ocrx_word' id='word_1_312' title='bbox 1972 927 2122 971; x_wconf 84' lang='lat' dir='ltr'><strong>vetus</strong></span> <span class='ocrx_word' id='word_1_313' title='bbox 2166 920 2317 986; x_wconf 89' lang='lat' dir='ltr'><strong>liber,</strong></span> <span class='ocrx_word' id='word_1_314' title='bbox 2359 937 2464 971; x_wconf 92' lang='lat' dir='ltr'><strong>non</strong></span> 
     </span>
     <span class='ocr_line' id='line_1_58' title="bbox 1399 997 2462 1061; baseline 0.001 -13"><span class='ocrx_word' id='word_1_315' title='bbox 1399 998 1577 1048; x_wconf 79' lang='lat' dir='ltr'><strong>sideru.</strong></span> <span class='ocrx_word' id='word_1_316' title='bbox 1646 997 1823 1047; x_wconf 80' lang='lat' dir='ltr'><strong>Graeci</strong></span> <span class='ocrx_word' id='word_1_317' title='bbox 1864 997 2035 1061; x_wconf 61' lang='lat' dir='ltr'><strong>poeta!</strong></span> <span class='ocrx_word' id='word_1_318' title='bbox 2078 998 2209 1061; x_wconf 78' lang='grc' dir='ltr'><strong>φῦλα</strong></span> <span class='ocrx_word' id='word_1_319' title='bbox 2252 1006 2462 1050; x_wconf 84' lang='lat' dir='ltr'><strong>vocant.</strong></span> 
     </span>
     <span class='ocr_line' id='line_1_59' title="bbox 1403 1075 2464 1141; baseline 0.001 -15"><span class='ocrx_word' id='word_1_320' title='bbox 1403 1075 1594 1126; x_wconf 83' lang='lat' dir='ltr'><strong>Horat.</strong></span> <span class='ocrx_word' id='word_1_321' title='bbox 1618 1090 1795 1140; x_wconf 84' lang='lat' dir='ltr'><strong>genus.</strong></span> <span class='ocrx_word' id='word_1_322' title='bbox 1814 1077 1829 1103; x_wconf 89' lang='lat'>‘</span> <span class='ocrx_word' id='word_1_323' title='bbox 1849 1076 2065 1141; x_wconf 79' lang='lat' dir='ltr'><strong>piscium</strong></span> <span class='ocrx_word' id='word_1_324' title='bbox 2089 1076 2400 1141; x_wconf 75' lang='lat' dir='ltr'><strong>genus,’0d.</strong></span> <span class='ocrx_word' id='word_1_325' title='bbox 2415 1081 2464 1127; x_wconf 83' lang='lat'><strong>2.</strong></span> 
     </span>
     <span class='ocr_line' id='line_1_60' title="bbox 1400 1152 2465 1219; baseline 0.001 -17"><span class='ocrx_word' id='word_1_326' title='bbox 1400 1153 1494 1204; x_wconf 89' lang='lat' dir='ltr'><strong>lib.</strong></span> <span class='ocrx_word' id='word_1_327' title='bbox 1523 1159 1569 1204; x_wconf 82' lang='lat' dir='ltr'><strong>l.</strong></span> <span class='ocrx_word' id='word_1_328' title='bbox 1634 1152 1697 1202; x_wconf 81' lang='lat' dir='ltr'><strong>Id</strong></span> <span class='ocrx_word' id='word_1_329' title='bbox 1725 1160 1897 1201; x_wconf 88' lang='lat' dir='ltr'><strong>antem</strong></span> <span class='ocrx_word' id='word_1_330' title='bbox 1920 1152 2180 1216; x_wconf 83' lang='lat' dir='ltr'><strong>significat</strong></span> <span class='ocrx_word' id='word_1_331' title='bbox 2200 1154 2336 1219; x_wconf 88' lang='lat' dir='ltr'><strong>quod</strong></span> <span class='ocrx_word' id='word_1_332' title='bbox 2358 1155 2465 1204; x_wconf 83' lang='lat' dir='ltr'><strong>vul·</strong></span> 
     </span>
     <span class='ocr_line' id='line_1_61' title="bbox 1402 1229 2465 1297; baseline -0.001 -18"><span class='ocrx_word' id='word_1_333' title='bbox 1402 1245 1493 1296; x_wconf 78' lang='lat' dir='ltr'><strong>gus</strong></span> <span class='ocrx_word' id='word_1_334' title='bbox 1517 1237 1668 1280; x_wconf 86' lang='lat' dir='ltr'><strong>vocat</strong></span> <span class='ocrx_word' id='word_1_335' title='bbox 1690 1229 1892 1295; x_wconf 84' lang='lat' dir='ltr'><strong>species</strong></span> <span class='ocrx_word' id='word_1_336' title='bbox 1914 1231 2240 1281; x_wconf 84' lang='lat' dir='ltr'><strong>animalium:</strong></span> <span class='ocrx_word' id='word_1_337' title='bbox 2265 1233 2465 1297; x_wconf 82' lang='lat' dir='ltr'><strong>vulgus,</strong></span> 
     </span>
     <span class='ocr_line' id='line_1_62' title="bbox 1401 1307 2462 1371; baseline 0.004 -16"><span class='ocrx_word' id='word_1_338' title='bbox 1401 1307 1634 1371; x_wconf 88' lang='lat' dir='ltr'><strong>inquam,</strong></span> <span class='ocrx_word' id='word_1_339' title='bbox 1671 1321 1788 1356; x_wconf 89' lang='lat' dir='ltr'><strong>nam</strong></span> <span class='ocrx_word' id='word_1_340' title='bbox 1826 1314 1966 1357; x_wconf 87' lang='lat' dir='ltr'><strong>certe</strong></span> <span class='ocrx_word' id='word_1_341' title='bbox 2009 1322 2110 1357; x_wconf 90' lang='lat' dir='ltr'><strong>non</strong></span> <span class='ocrx_word' id='word_1_342' title='bbox 2151 1308 2226 1358; x_wconf 87' lang='lat' dir='ltr'><strong>ita</strong></span> <span class='ocrx_word' id='word_1_343' title='bbox 2258 1316 2462 1359; x_wconf 74' lang='lat' dir='ltr'><strong>veteres</strong></span> 
     </span>
     <span class='ocr_line' id='line_1_63' title="bbox 1402 1383 2464 1449; baseline 0.002 -15"><span class='ocrx_word' id='word_1_344' title='bbox 1402 1384 1610 1445; x_wconf 84' lang='lat' dir='ltr'><strong>Latini3</strong></span> <span class='ocrx_word' id='word_1_345' title='bbox 1647 1384 1783 1449; x_wconf 88' lang='lat' dir='ltr'><strong>quod</strong></span> <span class='ocrx_word' id='word_1_346' title='bbox 1807 1383 2309 1436; x_wconf 83' lang='lat' dir='ltr'><strong>ostenditMuretus.</strong></span> <span class='ocrx_word' id='word_1_347' title='bbox 2376 1386 2464 1436; x_wconf 90' lang='lat' dir='ltr'><strong>De</strong></span> 
     </span>
     <span class='ocr_line' id='line_1_64' title="bbox 1401 1462 2462 1514; baseline 0.002 -2"><span class='ocrx_word' id='word_1_348' title='bbox 1401 1477 1464 1513; x_wconf 89' lang='lat' dir='ltr'><strong>ea</strong></span> <span class='ocrx_word' id='word_1_349' title='bbox 1487 1477 1616 1512; x_wconf 84' lang='lat' dir='ltr'><strong>voce</strong></span> <span class='ocrx_word' id='word_1_350' title='bbox 1656 1463 1730 1512; x_wconf 85' lang='lat' dir='ltr'><strong>sic</strong></span> <span class='ocrx_word' id='word_1_351' title='bbox 1765 1463 1947 1513; x_wconf 85' lang='lat' dir='ltr'><strong>scribit</strong></span> <span class='ocrx_word' id='word_1_352' title='bbox 1974 1462 2234 1514; x_wconf 84' lang='lat' dir='ltr'><strong>Adrianus</strong></span> <span class='ocrx_word' id='word_1_353' title='bbox 2268 1465 2462 1514; x_wconf 82' lang='lat' dir='ltr'><strong>Turne-</strong></span> 
     </span>
     <span class='ocr_line' id='line_1_65' title="bbox 1403 1538 2463 1605; baseline 0.005 -17"><span class='ocrx_word' id='word_1_354' title='bbox 1403 1538 1498 1588; x_wconf 85' lang='lat' dir='ltr'><strong>bus</strong></span> <span class='ocrx_word' id='word_1_355' title='bbox 1534 1538 1623 1588; x_wconf 88' lang='lat' dir='ltr'><strong>lib.</strong></span> <span class='ocrx_word' id='word_1_356' title='bbox 1661 1543 1743 1589; x_wconf 82' lang='grc'><strong>26.</strong></span> <span class='ocrx_word' id='word_1_357' title='bbox 1778 1554 1896 1605; x_wconf 89' lang='lat' dir='ltr'><strong>cap.</strong></span> <span class='ocrx_word' id='word_1_358' title='bbox 1943 1547 2023 1593; x_wconf 77' lang='lat' dir='ltr'><strong>ts.</strong></span> <span class='ocrx_word' id='word_1_359' title='bbox 2089 1541 2293 1594; x_wconf 75' lang='lat' dir='ltr'><strong>‘Saecla</strong></span> <span class='ocrx_word' id='word_1_360' title='bbox 2327 1541 2463 1593; x_wconf 80' lang='lat' dir='ltr'><strong>fera-</strong></span> 
     </span>
     <span class='ocr_line' id='line_1_66' title="bbox 1401 1618 2463 1684; baseline 0.004 -18"><span class='ocrx_word' id='word_1_361' title='bbox 1401 1631 1516 1666; x_wconf 89' lang='lat' dir='ltr'><strong>rum</strong></span> <span class='ocrx_word' id='word_1_362' title='bbox 1553 1631 1669 1667; x_wconf 91' lang='lat' dir='ltr'><strong>cum</strong></span> <span class='ocrx_word' id='word_1_363' title='bbox 1711 1618 1847 1682; x_wconf 87' lang='lat' dir='ltr'><strong>apud</strong></span> <span class='ocrx_word' id='word_1_364' title='bbox 1888 1619 2183 1670; x_wconf 85' lang='lat' dir='ltr'><strong>Lucretium</strong></span> <span class='ocrx_word' id='word_1_365' title='bbox 2218 1621 2463 1684; x_wconf 79' lang='lat' dir='ltr'><strong>legerem,</strong></span> 
     </span>
     <span class='ocr_line' id='line_1_67' title="bbox 1398 1675 2465 1766; baseline 0.005 -24"><span class='ocrx_word' id='word_1_366' title='bbox 1398 1675 1562 1744; x_wconf 71' lang='lat' dir='ltr'><strong>subiit</strong></span> <span class='ocrx_word' id='word_1_367' title='bbox 1576 1710 1809 1761; x_wconf 80' lang='lat' dir='ltr'><strong>quaerere</strong></span> <span class='ocrx_word' id='word_1_368' title='bbox 1825 1695 2187 1766; x_wconf 35' lang='lat' dir='ltr'><strong>unde-sumpta</strong></span> <span class='ocrx_word' id='word_1_369' title='bbox 2205 1703 2348 1747; x_wconf 88' lang='lat' dir='ltr'><strong>esset</strong></span> <span class='ocrx_word' id='word_1_370' title='bbox 2366 1697 2465 1747; x_wconf 84' lang='lat' dir='ltr'><strong>ista</strong></span> 
     </span>
     <span class='ocr_line' id='line_1_68' title="bbox 1400 1771 2459 1836; baseline 0.005 -17"><span class='ocrx_word' id='word_1_371' title='bbox 1400 1771 1579 1820; x_wconf 81' lang='lat' dir='ltr'><strong>saeculi</strong></span> <span class='ocrx_word' id='word_1_372' title='bbox 1601 1771 1915 1835; x_wconf 79' lang='lat' dir='ltr'><strong>significatio</strong></span> <span class='ocrx_word' id='word_1_373' title='bbox 1939 1771 1989 1821; x_wconf 93' lang='lat' dir='ltr'><strong>in</strong></span> <span class='ocrx_word' id='word_1_374' title='bbox 2016 1772 2180 1822; x_wconf 83' lang='lat' dir='ltr'><strong>veteri</strong></span> <span class='ocrx_word' id='word_1_375' title='bbox 2203 1773 2459 1836; x_wconf 84' lang='lat' dir='ltr'><strong>scriptore</strong></span> 
     </span>
     <span class='ocr_line' id='line_1_69' title="bbox 1398 1850 2461 1914; baseline 0.001 -15"><span class='ocrx_word' id='word_1_376' title='bbox 1398 1856 1505 1900; x_wconf 84' lang='lat' dir='ltr'><strong>tam</strong></span> <span class='ocrx_word' id='word_1_377' title='bbox 1546 1864 1679 1900; x_wconf 85' lang='lat' dir='ltr'><strong>nova</strong></span> <span class='ocrx_word' id='word_1_378' title='bbox 1714 1858 1923 1914; x_wconf 85' lang='lat' dir='ltr'><strong>tamque</strong></span> <span class='ocrx_word' id='word_1_379' title='bbox 1963 1850 2189 1914; x_wconf 82' lang='lat' dir='ltr'><strong>insolita,</strong></span> <span class='ocrx_word' id='word_1_380' title='bbox 2224 1864 2320 1901; x_wconf 90' lang='lat' dir='ltr'><strong>nec</strong></span> <span class='ocrx_word' id='word_1_381' title='bbox 2345 1852 2461 1900; x_wconf 87' lang='lat' dir='ltr'><strong>aliis</strong></span> 
     </span>
     <span class='ocr_line' id='line_1_70' title="bbox 1399 1928 2462 1993; baseline -0.001 -16"><span class='ocrx_word' id='word_1_382' title='bbox 1399 1928 1704 1979; x_wconf 88' lang='lat' dir='ltr'><strong>auctoribus</strong></span> <span class='ocrx_word' id='word_1_383' title='bbox 1730 1928 1932 1978; x_wconf 86' lang='lat' dir='ltr'><strong>Latinis</strong></span> <span class='ocrx_word' id='word_1_384' title='bbox 1968 1936 2232 1993; x_wconf 80' lang='lat' dir='ltr'><strong>usurpata.</strong></span> <span class='ocrx_word' id='word_1_385' title='bbox 2288 1928 2462 1993; x_wconf 86' lang='lat' dir='ltr'><strong>Igitur</strong></span> 
     </span>
     <span class='ocr_line' id='line_1_71' title="bbox 1399 2004 2458 2057; baseline -0.001 -1"><span class='ocrx_word' id='word_1_386' title='bbox 1399 2006 1702 2056; x_wconf 87' lang='lat' dir='ltr'><strong>Lucretium</strong></span> <span class='ocrx_word' id='word_1_387' title='bbox 1721 2004 2017 2055; x_wconf 81' lang='lat' dir='ltr'><strong>existimavi</strong></span> <span class='ocrx_word' id='word_1_388' title='bbox 2040 2020 2141 2055; x_wconf 88' lang='lat' dir='ltr'><strong>non</strong></span> <span class='ocrx_word' id='word_1_389' title='bbox 2166 2013 2270 2057; x_wconf 86' lang='lat' dir='ltr'><strong>tam</strong></span> <span class='ocrx_word' id='word_1_390' title='bbox 2293 2006 2458 2057; x_wconf 90' lang='lat' dir='ltr'><strong>notio-</strong></span> 
     </span>
     <span class='ocr_line' id='line_1_72' title="bbox 1395 2080 2461 2147; baseline 0.001 -17"><span class='ocrx_word' id='word_1_391' title='bbox 1395 2096 1515 2131; x_wconf 89' lang='lat' dir='ltr'><strong>nem</strong></span> <span class='ocrx_word' id='word_1_392' title='bbox 1555 2080 1846 2131; x_wconf 85' lang='lat' dir='ltr'><strong>bominibus</strong></span> <span class='ocrx_word' id='word_1_393' title='bbox 1872 2081 2068 2131; x_wconf 82' lang='lat' dir='ltr'><strong>Lstiuis</strong></span> <span class='ocrx_word' id='word_1_394' title='bbox 2093 2090 2357 2147; x_wconf 88' lang='lat' dir='ltr'><strong>receptam</strong></span> <span class='ocrx_word' id='word_1_395' title='bbox 2381 2098 2461 2132; x_wconf 88' lang='lat' dir='ltr'><strong>se-</strong></span> 
     </span>
     <span class='ocr_line' id='line_1_73' title="bbox 1398 2158 2462 2230; baseline 0.002 -23"><span class='ocrx_word' id='word_1_396' title='bbox 1398 2165 1611 2224; x_wconf 82' lang='lat' dir='ltr'><strong>quntum</strong></span> <span class='ocrx_word' id='word_1_397' title='bbox 1655 2173 1771 2209; x_wconf 87' lang='lat' dir='ltr'><strong>esse</strong></span> <span class='ocrx_word' id='word_1_398' title='bbox 1816 2158 1869 2207; x_wconf 91' lang='lat' dir='ltr'><strong>in</strong></span> <span class='ocrx_word' id='word_1_399' title='bbox 1936 2159 2032 2208; x_wconf 84' lang='lat' dir='ltr'><strong>hac</strong></span> <span class='ocrx_word' id='word_1_400' title='bbox 2104 2160 2462 2230; x_wconf 74' lang='lat' dir='ltr'><strong>usurpatione,</strong></span> 
     </span>
     <span class='ocr_line' id='line_1_74' title="bbox 1395 2234 2460 2300; baseline 0.001 -16"><span class='ocrx_word' id='word_1_401' title='bbox 1395 2250 1548 2300; x_wconf 88' lang='lat' dir='ltr'><strong>quam</strong></span> <span class='ocrx_word' id='word_1_402' title='bbox 1592 2234 1830 2286; x_wconf 82' lang='lat' dir='ltr'><strong>vocabuli</strong></span> <span class='ocrx_word' id='word_1_403' title='bbox 1870 2235 2120 2298; x_wconf 80' lang='lat' dir='ltr'><strong>originem</strong></span> <span class='ocrx_word' id='word_1_404' title='bbox 2159 2243 2214 2284; x_wconf 90' lang='grc' dir='ltr'><strong>ει</strong></span> <span class='ocrx_word' id='word_1_405' title='bbox 2238 2237 2460 2298; x_wconf 83' lang='lat' dir='ltr'><strong>natales,</strong></span> 
     </span>
     <span class='ocr_line' id='line_1_75' title="bbox 1396 2310 2459 2378; baseline 0.001 -18"><span class='ocrx_word' id='word_1_406' title='bbox 1396 2310 1461 2360; x_wconf 90' lang='lat' dir='ltr'><strong>ad</strong></span> <span class='ocrx_word' id='word_1_407' title='bbox 1487 2327 1616 2378; x_wconf 91' lang='lat' dir='ltr'><strong>qnos</strong></span> <span class='ocrx_word' id='word_1_408' title='bbox 1651 2312 1851 2375; x_wconf 80' lang='lat' dir='ltr'><strong>redegit</strong></span> <span class='ocrx_word' id='word_1_409' title='bbox 1873 2311 2297 2375; x_wconf 83' lang='lat' dir='ltr'><strong>significationem</strong></span> <span class='ocrx_word' id='word_1_410' title='bbox 2332 2313 2459 2361; x_wconf 81' lang='lat' dir='ltr'><strong>vim·</strong></span> 
     </span>
     <span class='ocr_line' id='line_1_76' title="bbox 1395 2388 2463 2453; baseline 0.002 -16"><span class='ocrx_word' id='word_1_411' title='bbox 1395 2403 1496 2453; x_wconf 84' lang='lat' dir='ltr'><strong>que</strong></span> <span class='ocrx_word' id='word_1_412' title='bbox 1514 2388 1766 2439; x_wconf 83' lang='lat' dir='ltr'><strong>vocabuli.</strong></span> <span class='ocrx_word' id='word_1_413' title='bbox 1801 2389 1936 2439; x_wconf 87' lang='lat' dir='ltr'><strong>Nam</strong></span> <span class='ocrx_word' id='word_1_414' title='bbox 1957 2391 2201 2439; x_wconf 81' lang='lat' dir='ltr'><strong>saeculum</strong></span> <span class='ocrx_word' id='word_1_415' title='bbox 2226 2390 2289 2439; x_wconf 84' lang='lat' dir='ltr'><strong>ab</strong></span> <span class='ocrx_word' id='word_1_416' title='bbox 2304 2389 2463 2450; x_wconf 73' lang='grc' dir='ltr'>ἡλικία</span> 
     </span>
     <span class='ocr_line' id='line_1_77' title="bbox 1394 2466 2458 2531; baseline 0.002 -15"><span class='ocrx_word' id='word_1_417' title='bbox 1394 2466 1584 2517; x_wconf 88' lang='lat' dir='ltr'><strong>deduci</strong></span> <span class='ocrx_word' id='word_1_418' title='bbox 1602 2467 1836 2518; x_wconf 85' lang='lat' dir='ltr'><strong>videtur:</strong></span> <span class='ocrx_word' id='word_1_419' title='bbox 1862 2481 1976 2516; x_wconf 91' lang='lat' dir='ltr'><strong>cum</strong></span> <span class='ocrx_word' id='word_1_420' title='bbox 2003 2468 2250 2531; x_wconf 84' lang='lat' dir='ltr'><strong>aspiratio</strong></span> <span class='ocrx_word' id='word_1_421' title='bbox 2274 2468 2458 2518; x_wconf 84' lang='lat' dir='ltr'><strong>millies</strong></span> 
     </span>
     <span class='ocr_line' id='line_1_78' title="bbox 1391 2543 2455 2604; baseline 0.001 -12"><span class='ocrx_word' id='word_1_422' title='bbox 1391 2543 1445 2592; x_wconf 87' lang='lat' dir='ltr'><strong>in</strong></span> <span class='ocrx_word' id='word_1_423' title='bbox 1484 2543 1690 2593; x_wconf 86' lang='lat' dir='ltr'><strong>sibilum</strong></span> <span class='ocrx_word' id='word_1_424' title='bbox 1725 2543 2005 2604; x_wconf 87' lang='lat' dir='ltr'><strong>desciscat,</strong></span> <span class='ocrx_word' id='word_1_425' title='bbox 2044 2552 2101 2592; x_wconf 88' lang='lat' dir='ltr'><strong>nt</strong></span> <span class='ocrx_word' id='word_1_426' title='bbox 2136 2552 2310 2593; x_wconf 88' lang='lat' dir='ltr'><strong>notum</strong></span> <span class='ocrx_word' id='word_1_427' title='bbox 2335 2552 2455 2593; x_wconf 81' lang='lat' dir='ltr'><strong>est:</strong></span> 
     </span>
     <span class='ocr_line' id='line_1_79' title="bbox 1393 2619 2455 2681; baseline 0 -14"><span class='ocrx_word' id='word_1_428' title='bbox 1393 2625 1429 2667; x_wconf 84' lang='grc' dir='ltr'>λ</span> <span class='ocrx_word' id='word_1_429' title='bbox 1448 2624 1622 2668; x_wconf 88' lang='lat' dir='ltr'><strong>autem</strong></span> <span class='ocrx_word' id='word_1_430' title='bbox 1651 2625 1705 2668; x_wconf 87' lang='lat' dir='ltr'><strong>et</strong></span> <span class='ocrx_word' id='word_1_431' title='bbox 1736 2636 1765 2667; x_wconf 83' lang='grc' dir='ltr'>κ</span> <span class='ocrx_word' id='word_1_432' title='bbox 1788 2625 2196 2681; x_wconf 86' lang='lat' dir='ltr'><strong>transponantur</strong></span> <span class='ocrx_word' id='word_1_433' title='bbox 2232 2619 2455 2667; x_wconf 80' lang='lat' dir='ltr'><strong>invicem</strong></span> 
     </span>
     <span class='ocr_line' id='line_1_80' title="bbox 1392 2693 2458 2754; baseline 0 -10"><span class='ocrx_word' id='word_1_434' title='bbox 1392 2693 1606 2744; x_wconf 87' lang='lat' dir='ltr'><strong>sedibus</strong></span> <span class='ocrx_word' id='word_1_435' title='bbox 1649 2695 1877 2744; x_wconf 77' lang='lat' dir='ltr'><strong>mutatis.</strong></span> <span class='ocrx_word' id='word_1_436' title='bbox 1915 2710 2032 2744; x_wconf 87' lang='lat' dir='ltr'><strong>eum</strong></span> <span class='ocrx_word' id='word_1_437' title='bbox 2078 2701 2251 2744; x_wconf 86' lang='lat' dir='ltr'><strong>autem</strong></span> <span class='ocrx_word' id='word_1_438' title='bbox 2298 2695 2458 2754; x_wconf 74' lang='grc' dir='ltr'><strong>ἡλικία.</strong></span> 
     </span>
     <span class='ocr_line' id='line_1_81' title="bbox 1394 2770 2458 2838; baseline 0.001 -17"><span class='ocrx_word' id='word_1_439' title='bbox 1394 2770 1595 2821; x_wconf 82' lang='lat' dir='ltr'><strong>Graeeis</strong></span> <span class='ocrx_word' id='word_1_440' title='bbox 1630 2785 1987 2834; x_wconf 68' lang='lat' dir='ltr'><strong>saepenumero</strong></span> <span class='ocrx_word' id='word_1_441' title='bbox 2014 2777 2225 2821; x_wconf 82' lang='lat' dir='ltr'><strong>aetatem</strong></span> <span class='ocrx_word' id='word_1_442' title='bbox 2261 2772 2458 2838; x_wconf 83' lang='lat' dir='ltr'><strong>signifi-</strong></span> 
     </span>
     <span class='ocr_line' id='line_1_82' title="bbox 1394 2845 2458 2910; baseline 0.002 -15"><span class='ocrx_word' id='word_1_443' title='bbox 1394 2852 1501 2909; x_wconf 88' lang='lat' dir='ltr'><strong>cet,</strong></span> <span class='ocrx_word' id='word_1_444' title='bbox 1529 2854 1702 2895; x_wconf 87' lang='lat' dir='ltr'><strong>tamen</strong></span> <span class='ocrx_word' id='word_1_445' title='bbox 1734 2845 1890 2895; x_wconf 88' lang='lat' dir='ltr'><strong>etiam</strong></span> <span class='ocrx_word' id='word_1_446' title='bbox 1915 2860 2078 2910; x_wconf 67' lang='lat' dir='ltr'><strong>genus</strong></span> <span class='ocrx_word' id='word_1_447' title='bbox 2117 2846 2365 2906; x_wconf 82' lang='lat' dir='ltr'><strong>declarat,</strong></span> <span class='ocrx_word' id='word_1_448' title='bbox 2398 2855 2458 2898; x_wconf 89' lang='lat' dir='ltr'><strong>ut</strong></span> 
     </span>
     <span class='ocr_line' id='line_1_83' title="bbox 1391 2923 2458 2985; baseline 0.001 -12"><span class='ocrx_word' id='word_1_449' title='bbox 1391 2923 1447 2973; x_wconf 88' lang='lat' dir='ltr'><strong>in</strong></span> <span class='ocrx_word' id='word_1_450' title='bbox 1489 2923 1738 2973; x_wconf 85' lang='lat' dir='ltr'><strong>Lucretio</strong></span> <span class='ocrx_word' id='word_1_451' title='bbox 1769 2923 2004 2985; x_wconf 76' lang='lat' dir='ltr'><strong>saeclum,</strong></span> <span class='ocrx_word' id='word_1_452' title='bbox 2034 2930 2091 2973; x_wconf 89' lang='lat' dir='ltr'><strong>nt</strong></span> <span class='ocrx_word' id='word_1_453' title='bbox 2127 2938 2243 2972; x_wconf 88' lang='lat' dir='ltr'><strong>cum</strong></span> <span class='ocrx_word' id='word_1_454' title='bbox 2282 2924 2458 2974; x_wconf 82' lang='lat' dir='ltr'><strong>Graeci</strong></span> 
     </span>
     <span class='ocr_line' id='line_1_84' title="bbox 1392 2998 2459 3065; baseline -0.001 -14"><span class='ocrx_word' id='word_1_455' title='bbox 1392 3001 1595 3064; x_wconf 86' lang='lat' dir='ltr'><strong>dicunt,</strong></span> <span class='ocrx_word' id='word_1_456' title='bbox 1634 2999 1781 3065; x_wconf 74' lang='grc' dir='ltr'>ζόρκα</span> <span class='ocrx_word' id='word_1_457' title='bbox 1822 3014 1937 3049; x_wconf 87' lang='lat' dir='ltr'><strong>esse</strong></span> <span class='ocrx_word' id='word_1_458' title='bbox 1980 2998 2166 3059; x_wconf 76' lang='grc' dir='ltr'>ἡλικίαν</span> <span class='ocrx_word' id='word_1_459' title='bbox 2207 2999 2387 3065; x_wconf 71' lang='grc' dir='ltr'>ἐλάφου</span> <span class='ocrx_word' id='word_1_460' title='bbox 2424 3002 2459 3060; x_wconf 68' lang='grc' dir='ltr'><strong>ἡ</strong></span> 
     </span>
     <span class='ocr_line' id='line_1_85' title="bbox 1392 3068 2458 3142; baseline 0.005 -18"><span class='ocrx_word' id='word_1_461' title='bbox 1392 3068 1571 3141; x_wconf 59' lang='grc' dir='ltr'><strong>δορκὸξ,</strong></span> <span class='ocrx_word' id='word_1_462' title='bbox 1608 3078 1643 3127; x_wconf 89' lang='lat' dir='ltr'><strong>i.</strong></span> <span class='ocrx_word' id='word_1_463' title='bbox 1670 3092 1716 3126; x_wconf 91' lang='lat' dir='ltr'><strong>e.</strong></span> <span class='ocrx_word' id='word_1_464' title='bbox 1754 3077 2019 3126; x_wconf 87' lang='lat' dir='ltr'><strong>hinnulum</strong></span> <span class='ocrx_word' id='word_1_465' title='bbox 2057 3092 2173 3127; x_wconf 87' lang='lat' dir='ltr'><strong>esse</strong></span> <span class='ocrx_word' id='word_1_466' title='bbox 2210 3092 2371 3142; x_wconf 83' lang='lat' dir='ltr'><strong>genus</strong></span> <span class='ocrx_word' id='word_1_467' title='bbox 2401 3085 2458 3129; x_wconf 89' lang='lat' dir='ltr'><strong>et</strong></span> 
     </span>
     <span class='ocr_line' id='line_1_86' title="bbox 1393 3153 2460 3204; baseline -0.001 0"><span class='ocrx_word' id='word_1_468' title='bbox 1393 3154 1624 3204; x_wconf 88' lang='lat' dir='ltr'><strong>sobolem</strong></span> <span class='ocrx_word' id='word_1_469' title='bbox 1649 3154 1809 3203; x_wconf 81' lang='lat' dir='ltr'><strong>cervi.</strong></span> <span class='ocrx_word' id='word_1_470' title='bbox 1844 3160 1934 3203; x_wconf 85' lang='lat' dir='ltr'><strong>aut</strong></span> <span class='ocrx_word' id='word_1_471' title='bbox 1973 3153 2015 3201; x_wconf 88' lang='lat' dir='ltr'><strong>si</strong></span> <span class='ocrx_word' id='word_1_472' title='bbox 2055 3153 2139 3203; x_wconf 91' lang='lat' dir='ltr'><strong>cui</strong></span> <span class='ocrx_word' id='word_1_473' title='bbox 2171 3154 2268 3204; x_wconf 86' lang='lat' dir='ltr'><strong>hoc</strong></span> <span class='ocrx_word' id='word_1_474' title='bbox 2307 3155 2460 3204; x_wconf 88' lang='lat' dir='ltr'><strong>nimis</strong></span> 
     </span>
     <span class='ocr_line' id='line_1_87' title="bbox 1393 3231 2458 3298; baseline -0.002 -14"><span class='ocrx_word' id='word_1_475' title='bbox 1393 3233 1675 3298; x_wconf 89' lang='lat' dir='ltr'><strong>repetitum</strong></span> <span class='ocrx_word' id='word_1_476' title='bbox 1707 3231 1930 3294; x_wconf 82' lang='lat' dir='ltr'><strong>videtur,</strong></span> <span class='ocrx_word' id='word_1_477' title='bbox 1950 3238 2009 3281; x_wconf 92' lang='lat' dir='ltr'><strong>ut</strong></span> <span class='ocrx_word' id='word_1_478' title='bbox 2032 3246 2146 3281; x_wconf 89' lang='lat' dir='ltr'><strong>cum</strong></span> <span class='ocrx_word' id='word_1_479' title='bbox 2172 3232 2281 3296; x_wconf 79' lang='lat' dir='ltr'><strong>quis</strong></span> <span class='ocrx_word' id='word_1_480' title='bbox 2301 3232 2458 3291; x_wconf 85' lang='lat' dir='ltr'><strong>dixit,</strong></span> 
     </span>
     <span class='ocr_line' id='line_1_88' title="bbox 1393 3306 2460 3371; baseline -0.005 -11"><span class='ocrx_word' id='word_1_481' title='bbox 1393 3313 1488 3361; x_wconf 76' lang='lat' dir='ltr'><strong>Vae</strong></span> <span class='ocrx_word' id='word_1_482' title='bbox 1508 3309 1653 3359; x_wconf 80' lang='lat' dir='ltr'><strong>oetati</strong></span> <span class='ocrx_word' id='word_1_483' title='bbox 1680 3316 1801 3371; x_wconf 74' lang='lat' dir='ltr'><strong>tum,</strong></span> <span class='ocrx_word' id='word_1_484' title='bbox 1819 3322 1914 3371; x_wconf 87' lang='lat' dir='ltr'><strong>pro</strong></span> <span class='ocrx_word' id='word_1_485' title='bbox 1949 3320 2025 3356; x_wconf 65' lang='grc' dir='ltr'><strong>νε</strong></span> <span class='ocrx_word' id='word_1_486' title='bbox 2062 3306 2192 3357; x_wconf 82' lang='lat' dir='ltr'><strong>tibi:</strong></span> <span class='ocrx_word' id='word_1_487' title='bbox 2226 3307 2300 3356; x_wconf 85' lang='lat' dir='ltr'><strong>sic</strong></span> <span class='ocrx_word' id='word_1_488' title='bbox 2332 3307 2460 3356; x_wconf 86' lang='lat' dir='ltr'><strong>licet</strong></span> 
     </span>
     <span class='ocr_line' id='line_1_89' title="bbox 1395 3383 2457 3437; baseline -0.006 0"><span class='ocrx_word' id='word_1_489' title='bbox 1395 3387 1695 3437; x_wconf 83' lang='lat' dir='ltr'><strong>existimare</strong></span> <span class='ocrx_word' id='word_1_490' title='bbox 1730 3384 1920 3433; x_wconf 73' lang='lat' dir='ltr'><strong>saeeula</strong></span> <span class='ocrx_word' id='word_1_491' title='bbox 1950 3383 2146 3432; x_wconf 86' lang='lat' dir='ltr'><strong>bucera</strong></span> <span class='ocrx_word' id='word_1_492' title='bbox 2174 3383 2353 3432; x_wconf 87' lang='lat' dir='ltr'><strong>eadem</strong></span> <span class='ocrx_word' id='word_1_493' title='bbox 2378 3398 2457 3431; x_wconf 86' lang='lat' dir='ltr'><strong>ra-</strong></span> 
     </span>
     <span class='ocr_line' id='line_1_90' title="bbox 1396 3456 2456 3524; baseline -0.008 -10"><span class='ocrx_word' id='word_1_494' title='bbox 1396 3464 1539 3514; x_wconf 86' lang='lat' dir='ltr'><strong>tione</strong></span> <span class='ocrx_word' id='word_1_495' title='bbox 1579 3461 1685 3511; x_wconf 91' lang='lat' dir='ltr'><strong>dici</strong></span> <span class='ocrx_word' id='word_1_496' title='bbox 1714 3466 1768 3509; x_wconf 86' lang='lat' dir='ltr'><strong>et</strong></span> <span class='ocrx_word' id='word_1_497' title='bbox 1809 3473 1903 3524; x_wconf 88' lang='lat' dir='ltr'><strong>pro</strong></span> <span class='ocrx_word' id='word_1_498' title='bbox 1936 3458 2104 3508; x_wconf 89' lang='lat' dir='ltr'><strong>bubus</strong></span> <span class='ocrx_word' id='word_1_499' title='bbox 2128 3459 2281 3521; x_wconf 81' lang='lat' dir='ltr'><strong>poni:</strong></span> <span class='ocrx_word' id='word_1_500' title='bbox 2320 3456 2456 3522; x_wconf 89' lang='lat' dir='ltr'><strong>quod</strong></span> 
     </span>
     <span class='ocr_line' id='line_1_91' title="bbox 1396 3532 2460 3601; baseline -0.006 -12"><span class='ocrx_word' id='word_1_501' title='bbox 1396 3547 1453 3590; x_wconf 87' lang='lat' dir='ltr'><strong>et</strong></span> <span class='ocrx_word' id='word_1_502' title='bbox 1500 3538 1671 3587; x_wconf 81' lang='lat' dir='ltr'><strong>verius</strong></span> <span class='ocrx_word' id='word_1_503' title='bbox 1716 3542 1863 3601; x_wconf 87' lang='lat' dir='ltr'><strong>puto.</strong></span> <span class='ocrx_word' id='word_1_504' title='bbox 1930 3534 2173 3599; x_wconf 81' lang='lat' dir='ltr'><strong>Ejusdem</strong></span> <span class='ocrx_word' id='word_1_505' title='bbox 2219 3532 2345 3581; x_wconf 91' lang='lat' dir='ltr'><strong>illud</strong></span> <span class='ocrx_word' id='word_1_506' title='bbox 2402 3539 2460 3583; x_wconf 86' lang='lat' dir='ltr'><strong>et</strong></span> 
     </span>
     <span class='ocr_line' id='line_1_92' title="bbox 1395 3609 2457 3678; baseline -0.008 -13"><span class='ocrx_word' id='word_1_507' title='bbox 1395 3629 1544 3665; x_wconf 81' lang='lat' dir='ltr'><strong>novae</strong></span> <span class='ocrx_word' id='word_1_508' title='bbox 1586 3610 1978 3678; x_wconf 80' lang='lat' dir='ltr'><strong>significationis</strong></span> <span class='ocrx_word' id='word_1_509' title='bbox 2014 3609 2131 3659; x_wconf 66' lang='lat' dir='ltr'><strong>est!</strong></span> <span class='ocrx_word' id='word_1_510' title='bbox 2203 3609 2457 3659; x_wconf 85' lang='lat' dir='ltr'><strong>Fallitur:</strong></span> 
     </span>
     <span class='ocr_line' id='line_1_93' title="bbox 1395 3683 2461 3756; baseline -0.008 -15"><span class='ocrx_word' id='word_1_511' title='bbox 1395 3690 1673 3756; x_wconf 82' lang='lat' dir='ltr'><strong>legendum</strong></span> <span class='ocrx_word' id='word_1_512' title='bbox 1712 3687 1849 3739; x_wconf 87' lang='lat' dir='ltr'><strong>enim</strong></span> <span class='ocrx_word' id='word_1_513' title='bbox 1886 3685 2015 3751; x_wconf 74' lang='grc' dir='ltr'><strong><em>ζδρξ,</em></strong></span> <span class='ocrx_word' id='word_1_514' title='bbox 2044 3684 2076 3745; x_wconf 81' lang='grc' dir='ltr'><strong><em>ἡ</em></strong></span> <span class='ocrx_word' id='word_1_515' title='bbox 2095 3683 2257 3745; x_wconf 77' lang='grc' dir='ltr'>θήλεια</span> <span class='ocrx_word' id='word_1_516' title='bbox 2278 3683 2461 3749; x_wconf 71' lang='grc' dir='ltr'>ἐλάφου</span> 
     </span>
     <span class='ocr_line' id='line_1_94' title="bbox 1392 3763 2457 3833; baseline -0.006 -13"><span class='ocrx_word' id='word_1_517' title='bbox 1392 3769 1426 3831; x_wconf 66' lang='grc' dir='ltr'><em>ἢ</em></span> <span class='ocrx_word' id='word_1_518' title='bbox 1461 3765 1643 3833; x_wconf 69' lang='grc' dir='ltr'><strong>δορκᾶς.</strong></span> <span class='ocrx_word' id='word_1_519' title='bbox 1683 3765 1822 3816; x_wconf 90' lang='lat' dir='ltr'><strong>unde</strong></span> <span class='ocrx_word' id='word_1_520' title='bbox 1860 3771 1914 3814; x_wconf 86' lang='lat' dir='ltr'><strong>et</strong></span> <span class='ocrx_word' id='word_1_521' title='bbox 1957 3763 2129 3827; x_wconf 76' lang='grc' dir='ltr'><strong><em>δόρκων</em></strong></span> <span class='ocrx_word' id='word_1_522' title='bbox 2161 3777 2255 3828; x_wconf 86' lang='lat' dir='ltr'><strong>pro</strong></span> <span class='ocrx_word' id='word_1_523' title='bbox 2290 3764 2457 3814; x_wconf 88' lang='lat' dir='ltr'><strong>leone.</strong></span> 
     </span>
     <span class='ocr_line' id='line_1_95' title="bbox 1393 3838 2458 3910; baseline -0.008 -13"><span class='ocrx_word' id='word_1_524' title='bbox 1393 3861 1514 3896; x_wconf 86' lang='lat' dir='ltr'><strong>nam</strong></span> <span class='ocrx_word' id='word_1_525' title='bbox 1554 3843 1666 3910; x_wconf 72' lang='grc' dir='ltr'><strong>ζὸρξ</strong></span> <span class='ocrx_word' id='word_1_526' title='bbox 1696 3850 1753 3893; x_wconf 88' lang='grc' dir='ltr'><strong>ει</strong></span> <span class='ocrx_word' id='word_1_527' title='bbox 1789 3842 1895 3906; x_wconf 56' lang='lat' dir='ltr'><strong>vop(</strong></span> <span class='ocrx_word' id='word_1_528' title='bbox 1926 3840 2129 3891; x_wconf 83' lang='lat' dir='ltr'><strong>eadem.</strong></span> <span class='ocrx_word' id='word_1_529' title='bbox 2195 3838 2257 3889; x_wconf 88' lang='lat' dir='ltr'><strong>Id</strong></span> <span class='ocrx_word' id='word_1_530' title='bbox 2284 3847 2458 3889; x_wconf 89' lang='lat' dir='ltr'><strong>antem</strong></span> 
     </span>
     <span class='ocr_line' id='line_1_96' title="bbox 1394 3916 2458 3982; baseline -0.008 -10"><span class='ocrx_word' id='word_1_531' title='bbox 1394 3929 1674 3972; x_wconf 84' lang='lat' dir='ltr'><strong>notaverat</strong></span> <span class='ocrx_word' id='word_1_532' title='bbox 1711 3917 2007 3982; x_wconf 82' lang='lat' dir='ltr'><strong>Hesychius</strong></span> <span class='ocrx_word' id='word_1_533' title='bbox 2046 3916 2191 3981; x_wconf 85' lang='lat' dir='ltr'><strong>qnasi</strong></span> <span class='ocrx_word' id='word_1_534' title='bbox 2230 3931 2338 3965; x_wconf 89' lang='lat' dir='ltr'><strong>rem</strong></span> <span class='ocrx_word' id='word_1_535' title='bbox 2356 3929 2458 3965; x_wconf 89' lang='lat' dir='ltr'><strong>uon</strong></span> 
     </span>
     <span class='ocr_line' id='line_1_97' title="bbox 1393 3991 2459 4063; baseline -0.004 -18"><span class='ocrx_word' id='word_1_536' title='bbox 1393 3998 1709 4063; x_wconf 81' lang='lat' dir='ltr'><strong>vulgarem3</strong></span> <span class='ocrx_word' id='word_1_537' title='bbox 1766 4001 1826 4045; x_wconf 89' lang='lat' dir='ltr'><strong>ut</strong></span> <span class='ocrx_word' id='word_1_538' title='bbox 1872 4000 1929 4044; x_wconf 88' lang='lat' dir='ltr'><strong>et</strong></span> <span class='ocrx_word' id='word_1_539' title='bbox 1977 3991 2151 4058; x_wconf 87' lang='lat' dir='ltr'><strong>reipsa</strong></span> <span class='ocrx_word' id='word_1_540' title='bbox 2199 3991 2313 4040; x_wconf 86' lang='lat' dir='ltr'><strong>talis</strong></span> <span class='ocrx_word' id='word_1_541' title='bbox 2364 3997 2459 4041; x_wconf 86' lang='lat' dir='ltr'><strong>est.</strong></span> 
     </span>
    </p>

    <p class='ocr_par' dir='ltr' id='par_1_6' title="bbox 1395 4142 2463 4442">
     <span class='ocr_line' id='line_1_98' title="bbox 1458 4142 2461 4213; baseline -0.01 -12"><span class='ocrx_word' id='word_1_542' title='bbox 1458 4154 1524 4200; x_wconf 86' lang='grc'><strong>22</strong></span> <span class='ocrx_word' id='word_1_543' title='bbox 1551 4151 1673 4207; x_wconf 76' lang='lat' dir='ltr'><strong>Quae</strong></span> <span class='ocrx_word' id='word_1_544' title='bbox 1690 4147 1908 4213; x_wconf 72' lang='lat' dir='ltr'><strong>quoniam</strong></span> <span class='ocrx_word' id='word_1_545' title='bbox 1926 4145 2107 4209; x_wconf 74' lang='lat' dir='ltr'><strong>rerum]</strong></span> <span class='ocrx_word' id='word_1_546' title='bbox 2130 4145 2266 4197; x_wconf 80' lang='lat' dir='ltr'><strong>Quia</strong></span> <span class='ocrx_word' id='word_1_547' title='bbox 2290 4142 2353 4194; x_wconf 86' lang='lat' dir='ltr'><strong>ab</strong></span> <span class='ocrx_word' id='word_1_548' title='bbox 2372 4143 2461 4192; x_wconf 86' lang='lat' dir='ltr'><strong>illo</strong></span> 
     </span>
     <span class='ocr_line' id='line_1_99' title="bbox 1395 4223 2459 4290; baseline -0.01 -13"><span class='ocrx_word' id='word_1_549' title='bbox 1395 4227 1534 4288; x_wconf 88' lang='lat' dir='ltr'><strong>loco,</strong></span> <span class='ocrx_word' id='word_1_550' title='bbox 1567 4230 1584 4254; x_wconf 81' lang='lat'>⁸</span> <span class='ocrx_word' id='word_1_551' title='bbox 1608 4240 1703 4290; x_wconf 88' lang='lat' dir='ltr'><strong>per</strong></span> <span class='ocrx_word' id='word_1_552' title='bbox 1746 4232 1801 4275; x_wconf 85' lang='lat' dir='ltr'><strong>te</strong></span> <span class='ocrx_word' id='word_1_553' title='bbox 1835 4223 2072 4289; x_wconf 83' lang='lat' dir='ltr'><strong>quoniam</strong></span> <span class='ocrx_word' id='word_1_554' title='bbox 2115 4236 2275 4285; x_wconf 80' lang='lat' dir='ltr'><strong>genus</strong></span> <span class='ocrx_word' id='word_1_555' title='bbox 2309 4232 2459 4268; x_wconf 87' lang='lat' dir='ltr'><strong>omne</strong></span> 
     </span>
     <span class='ocr_line' id='line_1_100' title="bbox 1397 4295 2461 4362; baseline -0.009 -11"><span class='ocrx_word' id='word_1_556' title='bbox 1397 4300 1751 4359; x_wconf 85' lang='lat' dir='ltr'><strong>animantum,’</strong></span> <span class='ocrx_word' id='word_1_557' title='bbox 1790 4302 1898 4349; x_wconf 73' lang='grc' dir='ltr'><strong>ὅτε.</strong></span> <span class='ocrx_word' id='word_1_558' title='bbox 1928 4299 2137 4362; x_wconf 83' lang='lat' dir='ltr'><strong>longum</strong></span> <span class='ocrx_word' id='word_1_559' title='bbox 2171 4303 2252 4346; x_wconf 83' lang='lat' dir='ltr'><strong>est</strong></span> <span class='ocrx_word' id='word_1_560' title='bbox 2275 4295 2461 4358; x_wconf 80' lang='lat' dir='ltr'><strong>hyper·</strong></span> 
     </span>
     <span class='ocr_line' id='line_1_101' title="bbox 1396 4373 2463 4442; baseline -0.01 -13"><span class='ocrx_word' id='word_1_561' title='bbox 1396 4379 1600 4442; x_wconf 84' lang='lat' dir='ltr'><strong>batum,</strong></span> <span class='ocrx_word' id='word_1_562' title='bbox 1654 4375 1921 4441; x_wconf 85' lang='lat' dir='ltr'><strong>multaque</strong></span> <span class='ocrx_word' id='word_1_563' title='bbox 1973 4373 2254 4437; x_wconf 82' lang='lat' dir='ltr'><strong>interjecta</strong></span> <span class='ocrx_word' id='word_1_564' title='bbox 2318 4375 2463 4429; x_wconf 77' lang='lat' dir='ltr'><strong>sunt,</strong></span> 
     </span>
    </p>
   </div>
  </div>
 </body>
</html>
