3009 4925
502 403 569 451 Τ.
620 399 977 453 Lucltss'ru
1024 401 1201 451 cAlu
1254 399 1350 449 ΠΒ
1398 398 1668 450 RERUM
1716 399 2176 451 NA‘1‘.1,13.1.

292 546 523 673 agab
544 546 809 597 enatando
844 546 1100 611 rumpitur
1123 545 1340 611 anguis!

346 706 446 751 9⁰8
488 702 613 758 Qua
651 716 756 751 cun
790 701 1081 765 confluxere]
1114 702 1338 754 Quidam

284 778 403 827 libri
429 778 568 842 typis
589 778 825 841 impressi
847 777 1058 840 habeut,
1092 779 1212 834 Quoe
1242 784 1344 827 trem

285 871 390 905 eun
410 855 635 919 μασι.-
663 854 892 919 quidam,
932 855 1055 911 Quae
1092 869 1197 904 cum
1233 871 1341 905 con-

272 931 486 995 fluxere.
522 931 700 981 Iaamb.

351 1012 452 1059 904
483 1007 657 1070 Facta]
690 1007 826 1057 Illud
846 1008 989 1068 sacta
1025 1023 1140 1059 cum
1181 1009 1342 1059 Lond.

288 1085 418 1135 Var.
459 1085 607 1136 Lect.
661 1089 767 1133 tum
821 1091 876 1134 et
929 1093 1107 1134 nostra
1161 1087 1342 1149 margi·

286 1161 428 1210 nalia
458 1161 815 1225 suppeditant.
881 1161 1120 1226 Optime,
1155 1170 1212 1213 ut
1233 1163 1346 1228 opi-

286 1251 405 1288 nor.
472 1239 609 1290 Nam
642 1237 837 1288 factam
882 1237 1134 1289 flammam
1169 1247 1226 1289 et
1263 1254 1342 1290 se·

287 1319 431 1367 mina
480 1318 675 1368 ardoris
734 1332 827 1367 seu
865 1316 1083 1368 flammae
1126 1319 1202 1369 sie
1236 1318 1340 1368 dis-

283 1395 530 1464 tinguere
596 1394 818 1456 debuit;
880 1396 1076 1445 semina
1126 1394 1345 1446 flamiuae

287 1476 431 1531 sunt,
448 1469 586 1519 unde
605 1468 811 1520 flamma
833 1471 1002 1521 creari
1027 1471 1200 1534 debet,
1222 1485 1345 1521 non-

286 1547 413 1596 dum
444 1544 650 1596 flamma
676 1547 806 1610 ipsa,
842 1548 893 1596 lt.
931 1562 976 1597 e.
1015 1545 1219 1598 flamma
1233 1550 1343 1613 jam

286 1622 434 1673 faeta
467 1623 581 1687 ejus
613 1623 746 1687 ignis
782 1633 1015 1674 naturam
1051 1624 1344 1677 induerunt.

351 1785 455 1831 906
500 1779 817 1846 Confiterent]
875 1781 1349 1844 Depopularentur,

285 1865 697 1923 prosternerent.
775 1859 1025 1908 Similiter
1048 1859 1348 1908 Lactantius

288 1935 385 1985 lib.
407 1939 460 1984 2.
480 1934 603 1984 Div.
629 1934 763 1984 Inst.
798 1934 978 1998 ‘Ignis
999 1934 1202 1999 quidem
1228 1949 1347 1998 per·

288 2012 501 2062 misceri
538 2025 654 2061 eum
690 2025 823 2075 aqua
853 2025 956 2060 non
989 2016 1195 2074 potest:
1231 2010 1351 2075 quia

290 2096 416 2138 sunt
435 2096 655 2151 utraque
677 2087 910 2137 inimica:
935 2092 990 2136 et
1005 2087 1050 2135 si
1069 2086 1351 2136 comminus

292 2165 496 2214 venerit
541 2167 846 2214 alterutrum
899 2161 1040 2228 quod
1087 2163 1355 2227 superavit

291 2242 538 2293 conficiat
561 2242 776 2290 alteram
800 2251 1013 2290 neeesse
1034 2239 1147 2290 est!
1200 2239 1355 2290 Unde

287 2319 305 2346 ‘
325 2317 650 2368 confectores
683 2316 907 2366 ferarum
927 2315 942 2338 '
985 2316 1189 2366 vocati:
1224 2332 1353 2382 quos

294 2395 569 2445 bestiarios
584 2395 872 2458 appellant.
908 2394 1043 2444 Pius.

366 2473 548 2536 Vulgo]
579 2473 792 2531 Passim,
816 2471 1281 2523 indiscriminatim.
1306 2480 1354 2525 5.

292 2554 411 2601 930.
430 2549 737 2614 ‘volgivago
760 2549 917 2599 vitam
934 2549 1195 2601 ducebant
1212 2564 1353 2600 more

292 2626 568 2677 ferarum.’
602 2627 742 2677 Pius.
1010 2654 1017 2661 ·

360 2704 655 2754 5·me
693 2703 826 2753 vides
864 2704 1038 2768 igituir,
1078 2705 1184 2768 fija]
1222 2705 1354 2755 Haec

292 2780 451 2845 hujus
487 2779 591 2829 loci
630 2780 888 2829 sententia
910 2787 1024 2830 est:
1057 2781 1245 2832 Jamne
1268 2781 1358 2846 igi.

296 2864 386 2906 tur
412 2855 740 2920 perspicuum
778 2863 859 2906 est
897 2857 973 2918 id,
1011 2857 1148 2922 quod
1189 2860 1360 2922 paullo

296 2941 423 2982 ante
446 2932 576 2995 dixi,
598 2932 763 2982 multa
797 2932 848 2981 in
886 2932 1039 2982 rebus
1073 2935 1362 2984 communia

298 3025 472 3060 rernm
498 3007 800 3074 primordia,
823 3024 937 3074 quae
962 3010 1062 3059 alio
1083 3017 1238 3076 atque
1258 3011 1360 3061 alio

295 3087 485 3137 ordine
517 3087 707 3149 locata,
746 3093 802 3136 et
837 3086 988 3136 aliter
1022 3093 1178 3153 atque
1210 3088 1361 3138 aliter

296 3172 464 3229 moia,
501 3178 582 3214 res
615 3164 908 3214 dissimileis
947 3180 1012 3214 ex
1051 3179 1109 3214 se
1142 3167 1359 3216 creant?

298 3241 362 3291 ld
386 3241 620 3291 ostendit
642 3256 674 3290 a
693 3240 1029 3291 similitudine
1047 3242 1361 3307 litterarum,

298 3334 457 3383 quam
481 3326 537 3369 et
572 3333 712 3384 saepe
735 3319 857 3368 alibi
880 3326 1113 3382 usurpat.
1179 3321 1361 3370 Utitur

298 3398 426 3448 item
445 3397 543 3446 hoe
564 3396 743 3447 eodem
758 3410 933 3446 versus
956 3398 1229 3461 principio,
1247 3398 1363 3447 aliis

297 3474 524 3534 loeis,nt
554 3478 604 3523 2.
634 3477 750 3524 277.
787 3473 1001 3525 ‘jamne
1019 3474 1163 3524 vides
1181 3475 1362 3539 igitur,

299 3565 612 3617 quamquam
658 3551 733 3600 vis
774 3553 967 3601 extima
1002 3552 1224 3614 multos:
1263 3558 1361 3604 διο.

299 3636 358 3679 et
381 3629 564 3679 eodem
604 3628 697 3678 lib.
734 3643 806 3679 vs.
846 3633 958 3678 882.
990 3629 1122 3679 banc
1144 3629 1363 3679 eandem

298 3704 615 3753 sententiam
637 3704 812 3765 iterat,
835 3704 1015 3753 iisdem
1036 3720 1184 3767 paene
1209 3707 1365 3756 versi·

305 3780 437 3830 bus:
473 3779 691 3832 ‘Jamne
713 3779 862 3829 vides
886 3780 1042 3843 igitur
1060 3782 1234 3844 magni
1260 3783 1364 3845 pri·

301 3855 504 3904 moi-dia
531 3869 701 3903 rerum
740 3854 960 3904 Referre
992 3856 1045 3904 in
1086 3858 1225 3920 quali
1258 3858 1365 3907 sint

300 3930 487 3981 ordine
531 3944 751 3995 quaeque
792 3932 963 3981 locata
980 3931 1016 3981 ?’
1056 3939 1112 3982 et
1152 3939 1202 3983 6.
1248 3938 1363 3985 562.

303 4009 319 4036 ⁴
340 4006 530 4059 Jamne
550 4005 695 4056 vides
713 4007 908 4071 igitur,'
924 4010 1022 4058 διο.
1054 4010 1223 4060 Lamb.
1273 4013 1365 4061 Se-

302 4086 448 4134 mina
466 4084 630 4133 multa
651 4084 784 4147 ignis
820 4084 873 4133 in
912 4085 1247 4149 lignislatere
1282 4104 1365 4139 su-

306 4176 405 4227 pra
427 4161 509 4209 affl
518 4165 797 4223 rmaverat,
821 4161 908 4210 illa
928 4169 1095 4211 antem
1112 4163 1252 4227 ligna
1267 4166 1368 4215 ista

304 4253 409 4287 non
456 4250 784 4299 consumere,
828 4239 948 4302 quia
993 4239 1104 4288 aliis
1147 4239 1367 4291 diversae

308 4315 488 4380 figuras
534 4302 815 4363 sen‘iinibvs
851 4315 1099 4379 impedita
1142 4319 1368 4382 speeiem

2292 381 2463 450 1033

1412 546 1729 611 formamque
1758 546 1892 611 ignis
1923 546 2142 597 induere
2160 559 2263 596 non
2285 552 2466 610 potae-

1417 629 1567 684 runt;
1604 628 1660 671 et
1689 622 1810 672 inde
1832 637 1933 672 vas.
1968 628 2017 675 8.
2056 637 2216 687 snpra
2248 623 2464 685 positam

1416 703 1629 766 Epicuri
1667 706 1972 755 sententiam
2025 704 2237 770 egregie
2280 702 2467 753 confir·

1416 786 1556 830 mat:
1595 781 1897 832 Communia
1928 782 2024 832 viz.
2057 797 2172 832 esse
2192 782 2465 831 multarum

1417 870 1588 906 rerum
1607 856 1659 906 in
1676 859 1850 908 multis
1870 859 2019 908 rebus
2037 860 2249 920 semina,
2280 857 2465 907 eadem

1419 933 1675 997 principia
1694 936 1896 998 coelum,
1918 942 2101 997 terras,
2126 950 2285 994 mare,
2303 933 2472 983 omnia

1419 1010 1639 1076 denique
1661 1012 2007 1072 constituere;
2046 1012 2165 1062 ideo
2187 1019 2359 1061 autem
2381 1024 2466 1061 res

1417 1086 1648 1138 diversas
1682 1103 1797 1138 esse
1835 1088 1958 1153 quia
1989 1089 2090 1139 alia
2123 1090 2322 1139 semina
2355 1088 2468 1138 aliis

1420 1164 1632 1214 diverse
1649 1164 1827 1229 figurae
1842 1165 2043 1214 diverso
2059 1165 2236 1216 ordine
2242 1165 2334 1230 jun
2341 1179 2466 1229 gun-

1420 1247 1525 1303 tur,
1557 1249 1614 1291 et
1640 1240 1986 1291 diversimode
2009 1250 2298 1304 moventur,
2328 1245 2387 1290 ut
2419 1241 2473 1290 in

1419 1319 1631 1368 vocibus
1679 1331 1850 1368 mona
1892 1325 1947 1368 et
1983 1331 2131 1369 ranis
2172 1332 2467 1369 communes

1420 1402 1541 1445 sunt
1565 1395 1750 1458 literae,
1765 1403 1821 1446 at
1843 1411 1994 1447 voces
2016 1398 2144 1462 ipsse
2162 1404 2284 1449 sunt
2300 1397 2469 1448 diver·

1421 1487 1510 1523 sae.
1543 1473 1734 1524 enoch.

1484 1553 1586 1599 909
1620 1549 1988 1613 Contine-mm]
2025 1550 2127 1600 Alii
2168 1549 2474 1614 conjungem-

1421 1632 1527 1676 ur.-
1586 1627 1934 1690 Coniunguntur
1974 1628 2038 1677 Β.
2107 1628 2475 1690 Coi-tignum.

1424 1703 1641 1754 Creeeb.
1710 1705 2066 1754 contineantur.
2107 1706 2273 1768 Marg.
2295 1709 2476 1755 nostra

1420 1781 1780 1843 wrtiungantur.
1802 1781 1934 1845 quod
1949 1788 2004 1830 et
2023 1781 2188 1830 Variae
2207 1782 2478 1830 Lectiones

1425 1855 1569 1906 Edit.
1590 1856 1751 1906 Loud.
1775 1863 2016 1922 tanquam
2035 1871 2098 1907 ex
2117 1857 2270 1906 Fabri
2296 1857 2479 1906 Emen-

1423 1933 1718 1984 dationibus
1753 1933 2016 1983 referunt:
2053 1934 2144 1983 sed
2176 1934 2228 1982 in
2262 1933 2323 1983 iis
2356 1946 2476 1982 nus-

1425 2010 1562 2075 piam
1589 2017 1825 2074 apparet.
1889 2010 2115 2072 Vulgata
2146 2009 2300 2058 lectio
2318 2008 2479 2058 omni-

1426 2101 1492 2136 no
1519 2100 1643 2136 vera
1665 2093 1748 2137 est
1768 2093 1824 2137 et
1850 2086 1960 2150 jam
1990 2100 2104 2151 sup.
2145 2101 2218 2137 vs.
2255 2089 2370 2135 718.
2400 2085 2477 2136 sie

1427 2177 1687 2227 expressa.
1713 2163 1883 2225 Preig.

1490 2245 1585 2290 911
1615 2241 1771 2305 Atque
1802 2241 1962 2288 eadem
1991 2239 2146 2302 paullo
2164 2239 2292 2288 inter
2309 2252 2359 2287 oe
2377 2252 2480 2287 m·

1426 2318 1554 2381 taen]
1588 2318 1707 2367 Non
1745 2325 1826 2366 est
1862 2318 1960 2365 hoe
1999 2316 2074 2365 ita
2107 2315 2481 2378 accipiendum,

1427 2393 1576 2459 quasi
1598 2394 1874 2458 primordia
1895 2406 2062 2442 rerum
2083 2399 2369 2454 mutentur,
2390 2391 2485 2441 sed

1429 2472 1494 2521 ad
1520 2471 1731 2533 ordinis,
1754 2470 2019 2533 positurae,
2057 2469 2299 2518 motionis
2321 2476 2485 2518 muta·

1429 2550 1621 2600 tionem
1667 2546 2028 2597 referendum:
2063 2544 2200 2610 quod
2238 2545 2365 2594 satis
2397 2543 2488 2594 de-

1429 2627 1657 2676 claratur
1679 2624 1794 2687 ipso
1822 2621 2065 2688 loquendi
2089 2634 2282 2684 genere
2314 2621 2487 2670 ‘inter

1430 2718 1486 2753 se
1534 2701 1792 2751 mutataz'
1835 2701 1915 2751 vel
1941 2699 2173 2762 intellige
2204 2698 2485 2761 primordia

1431 2794 1603 2830 rerum
1627 2779 1943 2844 aliquantum
1978 2777 2112 2833 inter
2143 2788 2198 2824 se
2221 2773 2492 2824 dissimilia

1430 2872 1492 2907 ac
1530 2857 1767 2906 diversa.
1808 2868 1990 2917 nempe
2026 2852 2139 2902 aliis
2181 2851 2233 2901 in
2265 2849 2485 2900 aliorum

1432 2934 1602 2983 locum
1635 2930 1951 3005 substitutis,
1988 2929 2069 2978 vel
2108 2927 2219 2977 aliis
2249 2926 2490 2991 adjectis.

1431 3009 1599 3061 hmo.
1668 3010 1786 3059 Non
1811 3007 2027 3072 respicit
2046 3004 2386 3054 substantiam
2409 3003 2487 3067 ip-

1433 3101 1577 3149 sam3
1618 3086 1709 3136 sed
1751 3085 2002 3145 ordinem,
2023 3083 2196 3146 situm,
2232 3085 2331 3131 διο.
2363 3080 2487 3131 Fut.

1436 3165 1650 3214 Mutata.
1693 3162 1860 3211 Recte
1901 3157 2134 3208 Lambin.
2182 3156 2248 3205 ad
2294 3162 2489 3229 motum

1434 3239 1616 3301 refert,
1651 3236 1786 3303 quod
1828 3235 2003 3285 multis
2039 3234 2195 3283 etiam
2238 3233 2490 3295 exemplis

1435 3316 1752 3367 demonstrat
1772 3313 1826 3364 J.
1850 3309 2007 3361 Fred.
2040 3309 2332 3360 Gronovius
2360 3308 2489 3359 Oba.

1435 3393 1525 3443 lib.
1544 3397 1593 3441 3.
1616 3407 1662 3441 c.
1686 3394 1733 3439 1.
1776 3388 1904 3439 Hau.

1496 3473 1595 3520 912
1619 3469 1724 3524 Quo
1743 3465 1902 3530 puoto]
1926 3460 2387 3515 Quemadmodum:
2413 3460 2491 3512 sie

1437 3561 1505 3595 sm
1514 3560 1578 3609 pe
1598 3545 1716 3593 alibi
1738 3559 1752 3593 z
1778 3551 1838 3591 ut
1852 3546 1900 3592 2.
1915 3545 2028 3591 800.
2059 3541 2076 3569 ‘
2094 3541 2277 3588 Pluma
2296 3539 2491 3587 colum-

1439 3623 1616 3673 barum
1641 3635 1741 3683 quo
1767 3626 1919 3683 paeto
1942 3619 1993 3667 in
2016 3618 2125 3665 sole
2147 3615 2387 3663 videtur.
2375 3613 2408 3643 ·’
2432 3619 2491 3663 et

1435 3715 1548 3764 sup.
1584 3713 1655 3749 vs.
1688 3702 1769 3747 85.
1800 3693 2026 3744 ‘Aulide
2066 3708 2169 3759 quo
2206 3700 2364 3755 pacto
2384 3690 2498 3741 Tri·

1436 3779 1541 3828 viai
1565 3776 1777 3841 virginis
1796 3772 1974 3836 aram‚'
1994 3776 2093 3823 διο.
2116 3771 2280 3822 Lamo.

1511 3844 1662 3905 Verb'a
1684 3867 1862 3918 quoque
1882 3851 2008 3916 ipsa]
2029 3852 2439 3913 Argumentatnr
2461 3862 2494 3898 a

1440 3932 1572 3996 pari.
1635 3930 1861 3981 Mutatio
1915 3936 2008 3978 aut
2048 3926 2250 3976 diversa
2305 3924 2493 3989 positio

1436 4009 1701 4058 literarum
1724 4021 1805 4056 res
1827 4007 1979 4070 plane
2000 4003 2229 4054 diversas
2259 4000 2495 4052 efficiunt

1441 4085 1624 4135 iisdem
1644 4084 1805 4134 literis
1826 4080 2175 4141 manentibus,
2206 4085 2283 4143 ut,
2312 4090 2493 4142 mon,

1444 4174 1626 4219 mons,
1641 4172 1818 4211 noua·
1844 4159 1926 4208 vel
1940 4156 2161 4220 demptis
2177 4161 2269 4205 aut
2285 4154 2495 4215 additis,

1443 4240 1629 4298 Axos,
1652 4221 1827 4297 honor,
1847 4237 2032 4296 Axos,
2049 4231 2346 4295 remedium,
2364 4236 2495 4280 xor·

1445 4317 1590 4378 ΝΟΣ,
1612 4311 1910 4375 communis,
1925 4312 2174 4373 ΚΑΙΝΟΣ,
2190 4321 2370 4370 novus,
2392 4310 2494 4355 iffi-
