<?xml version="1.0" encoding="UTF-8"?>
<!DOCTYPE html PUBLIC "-//W3C//DTD XHTML 1.0 Transitional//EN"
    "http://www.w3.org/TR/xhtml1/DTD/xhtml1-transitional.dtd">
<html xmlns="http://www.w3.org/1999/xhtml" xml:lang="en" lang="en">
 <head>
  <title>
</title>
<meta http-equiv="Content-Type" content="text/html;charset=utf-8" />
  <meta name='ocr-system' content='tesseract 3.04.00' />
  <meta name='ocr-capabilities' content='ocr_page ocr_carea ocr_par ocr_line ocrx_word'/>
</head>
<body>
  <div class='ocr_page' id='page_1' title='image "./dererumnaturali01unkngoog_0481.png"; bbox 0 0 3009 4925; ppageno 0'>
   <div class='ocr_carea' id='block_1_1' title="bbox 507 471 2460 540">
    <p class='ocr_par' dir='ltr' id='par_1_1' title="bbox 507 471 2460 540">
     <span class='ocr_line' id='line_1_1' title="bbox 507 471 2460 540; baseline 0.011 -21"><span class='ocrx_word' id='word_1_1' title='bbox 507 471 579 521; x_wconf 78' lang='grc' dir='ltr'><strong>τ.</strong></span> <span class='ocrx_word' id='word_1_2' title='bbox 629 471 988 522; x_wconf 72' lang='lat' dir='ltr'><strong>Lucun&#39;ru</strong></span> <span class='ocrx_word' id='word_1_3' title='bbox 1038 474 1218 524; x_wconf 62' lang='lat' dir='ltr'><strong>cam</strong></span> <span class='ocrx_word' id='word_1_4' title='bbox 1268 477 1366 525; x_wconf 75' lang='lat' dir='ltr'><strong>nu</strong></span> <span class='ocrx_word' id='word_1_5' title='bbox 1413 477 1682 528; x_wconf 73' lang='lat' dir='ltr'>RERUM</span> <span class='ocrx_word' id='word_1_6' title='bbox 1733 481 1911 531; x_wconf 71' lang='lat' dir='ltr'><strong>NA&#39;r.</strong></span> <span class='ocrx_word' id='word_1_7' title='bbox 1962 484 2105 533; x_wconf 66' lang='grc' dir='ltr'><strong>[ΑΒ.</strong></span> <span class='ocrx_word' id='word_1_8' title='bbox 2156 488 2202 535; x_wconf 83' lang='lat'><strong>1.</strong></span> <span class='ocrx_word' id='word_1_9' title='bbox 2284 471 2460 540; x_wconf 76' lang='lat'>1013</span> 
     </span>
    </p>
   </div>
   <div class='ocr_carea' id='block_1_2' title="bbox 239 613 1322 4544">
    <p class='ocr_par' dir='ltr' id='par_1_2' title="bbox 241 613 1321 2370">
     <span class='ocr_line' id='line_1_2' title="bbox 245 613 1319 685; baseline 0.006 -20"><span class='ocrx_word' id='word_1_10' title='bbox 245 613 404 666; x_wconf 69' lang='lat' dir='ltr'><strong>finiri.</strong></span> <span class='ocrx_word' id='word_1_11' title='bbox 475 615 539 666; x_wconf 72' lang='lat' dir='ltr'><strong>ln</strong></span> <span class='ocrx_word' id='word_1_12' title='bbox 593 616 869 683; x_wconf 81' lang='lat' dir='ltr'><strong>aliqnando</strong></span> <span class='ocrx_word' id='word_1_13' title='bbox 922 625 1080 683; x_wconf 75' lang='lat' dir='ltr'><strong>anget</strong></span> <span class='ocrx_word' id='word_1_14' title='bbox 1102 636 1117 670; x_wconf 67' lang='grc' dir='ltr'><em>ε</em></span> <span class='ocrx_word' id='word_1_15' title='bbox 1179 619 1319 685; x_wconf 86' lang='lat' dir='ltr'><strong>quod</strong></span> 
     </span>
     <span class='ocr_line' id='line_1_3' title="bbox 245 694 1319 761; baseline 0.005 -18"><span class='ocrx_word' id='word_1_16' title='bbox 245 700 395 757; x_wconf 79' lang='lat' dir='ltr'><strong>patet</strong></span> <span class='ocrx_word' id='word_1_17' title='bbox 416 694 479 743; x_wconf 87' lang='lat' dir='ltr'><strong>in</strong></span> <span class='ocrx_word' id='word_1_18' title='bbox 500 695 719 759; x_wconf 78' lang='lat' dir='ltr'><strong>inclyto,</strong></span> <span class='ocrx_word' id='word_1_19' title='bbox 750 695 953 760; x_wconf 76' lang='lat' dir='ltr'><strong>lucano,</strong></span> <span class='ocrx_word' id='word_1_20' title='bbox 986 705 1042 749; x_wconf 90' lang='lat' dir='ltr'><strong>et</strong></span> <span class='ocrx_word' id='word_1_21' title='bbox 1069 698 1121 748; x_wconf 86' lang='lat' dir='ltr'><strong>id</strong></span> <span class='ocrx_word' id='word_1_22' title='bbox 1160 712 1319 761; x_wconf 79' lang='lat' dir='ltr'><strong>genus</strong></span> 
     </span>
     <span class='ocr_line' id='line_1_4' title="bbox 246 773 1319 838; baseline 0.002 -14"><span class='ocrx_word' id='word_1_23' title='bbox 246 773 427 824; x_wconf 75' lang='lat' dir='ltr'><strong>multis</strong></span> <span class='ocrx_word' id='word_1_24' title='bbox 447 788 464 821; x_wconf 71' lang='grc' dir='ltr'><em>ε</em></span> <span class='ocrx_word' id='word_1_25' title='bbox 491 786 595 838; x_wconf 81' lang='lat' dir='ltr'><strong>qno</strong></span> <span class='ocrx_word' id='word_1_26' title='bbox 615 780 771 836; x_wconf 87' lang='lat' dir='ltr'><strong>pacto</strong></span> <span class='ocrx_word' id='word_1_27' title='bbox 794 775 1022 825; x_wconf 83' lang='lat' dir='ltr'><strong>locutum</strong></span> <span class='ocrx_word' id='word_1_28' title='bbox 1048 776 1319 827; x_wconf 78' lang='lat' dir='ltr'><strong>Maronem</strong></span> 
     </span>
     <span class='ocr_line' id='line_1_5' title="bbox 247 848 1318 917; baseline 0.007 -21"><span class='ocrx_word' id='word_1_29' title='bbox 247 848 467 913; x_wconf 73' lang='lat' dir='ltr'><strong>quidam</strong></span> <span class='ocrx_word' id='word_1_30' title='bbox 521 850 703 899; x_wconf 88' lang='lat' dir='ltr'><strong>volunt</strong></span> <span class='ocrx_word' id='word_1_31' title='bbox 756 850 809 899; x_wconf 89' lang='lat' dir='ltr'><strong>in</strong></span> <span class='ocrx_word' id='word_1_32' title='bbox 856 851 1052 917; x_wconf 82' lang='lat' dir='ltr'><strong>Georg.</strong></span> <span class='ocrx_word' id='word_1_33' title='bbox 1102 856 1148 904; x_wconf 94' lang='grc'><strong>1.</strong></span> <span class='ocrx_word' id='word_1_34' title='bbox 1202 857 1318 904; x_wconf 73' lang='grc'><strong>878.</strong></span> 
     </span>
     <span class='ocr_line' id='line_1_6' title="bbox 244 926 1320 991; baseline 0.004 -14"><span class='ocrx_word' id='word_1_35' title='bbox 244 926 261 953; x_wconf 86' lang='lat'>‘</span> <span class='ocrx_word' id='word_1_36' title='bbox 279 927 566 991; x_wconf 73' lang='lat' dir='ltr'><strong>Nunquam</strong></span> <span class='ocrx_word' id='word_1_37' title='bbox 587 926 1000 990; x_wconf 86' lang='lat' dir='ltr'><strong>imprudentibus</strong></span> <span class='ocrx_word' id='word_1_38' title='bbox 1015 929 1180 979; x_wconf 90' lang='lat' dir='ltr'><strong>imber</strong></span> <span class='ocrx_word' id='word_1_39' title='bbox 1211 930 1320 981; x_wconf 90' lang='lat' dir='ltr'><strong>Ob-</strong></span> 
     </span>
     <span class='ocr_line' id='line_1_7' title="bbox 244 1002 1321 1071; baseline 0.004 -17"><span class='ocrx_word' id='word_1_40' title='bbox 244 1002 409 1056; x_wconf 69' lang='lat' dir='ltr'><strong>fuite&#39;</strong></span> <span class='ocrx_word' id='word_1_41' title='bbox 448 1011 507 1055; x_wconf 90' lang='lat' dir='ltr'><strong>et</strong></span> <span class='ocrx_word' id='word_1_42' title='bbox 545 1004 742 1070; x_wconf 57' lang='grc' dir='ltr'><strong>θοοῖς.</strong></span> <span class='ocrx_word' id='word_1_43' title='bbox 776 1009 826 1056; x_wconf 81' lang='grc'><strong>4.</strong></span> <span class='ocrx_word' id='word_1_44' title='bbox 866 1011 982 1057; x_wconf 76' lang='lat'><strong>564.</strong></span> <span class='ocrx_word' id='word_1_45' title='bbox 1026 1007 1321 1071; x_wconf 78' lang='lat' dir='ltr'><strong>‘Ignobilis</strong></span> 
     </span>
     <span class='ocr_line' id='line_1_8' title="bbox 246 1079 1319 1150; baseline 0.004 -19"><span class='ocrx_word' id='word_1_46' title='bbox 246 1079 373 1132; x_wconf 65' lang='lat' dir='ltr'><strong>oei:</strong></span> <span class='ocrx_word' id='word_1_47' title='bbox 409 1081 551 1131; x_wconf 71' lang='lat' dir='ltr'><strong>Pius.</strong></span> <span class='ocrx_word' id='word_1_48' title='bbox 612 1082 681 1132; x_wconf 78' lang='lat' dir='ltr'><strong>&#39;Id</strong></span> <span class='ocrx_word' id='word_1_49' title='bbox 699 1083 875 1134; x_wconf 73' lang='lat' dir='ltr'><strong>validis</strong></span> <span class='ocrx_word' id='word_1_50' title='bbox 892 1087 1071 1146; x_wconf 61' lang='lat' dir='ltr'><strong>nitran,</strong></span> <span class='ocrx_word' id='word_1_51' title='bbox 1091 1087 1201 1150; x_wconf 56' lang='grc' dir='ltr'><strong>ξω]</strong></span> <span class='ocrx_word' id='word_1_52' title='bbox 1231 1086 1319 1136; x_wconf 87' lang='lat' dir='ltr'><strong>Sic</strong></span> 
     </span>
     <span class='ocr_line' id='line_1_9' title="bbox 244 1157 1317 1226; baseline 0.005 -19"><span class='ocrx_word' id='word_1_53' title='bbox 244 1157 478 1220; x_wconf 75' lang='lat' dir='ltr'><strong>restitui,</strong></span> <span class='ocrx_word' id='word_1_54' title='bbox 494 1158 630 1210; x_wconf 74' lang='lat' dir='ltr'><strong>lianc</strong></span> <span class='ocrx_word' id='word_1_55' title='bbox 651 1160 968 1223; x_wconf 81' lang='lat' dir='ltr'><strong>scripturam</strong></span> <span class='ocrx_word' id='word_1_56' title='bbox 991 1159 1317 1226; x_wconf 77' lang='lat' dir='ltr'><strong>efflagitante</strong></span> 
     </span>
     <span class='ocr_line' id='line_1_10' title="bbox 243 1234 1318 1300; baseline 0.002 -14"><span class='ocrx_word' id='word_1_57' title='bbox 243 1234 531 1297; x_wconf 74' lang='lat' dir='ltr'><strong>sententia,</strong></span> <span class='ocrx_word' id='word_1_58' title='bbox 553 1241 608 1285; x_wconf 87' lang='lat' dir='ltr'><strong>et</strong></span> <span class='ocrx_word' id='word_1_59' title='bbox 630 1236 746 1300; x_wconf 83' lang='lat' dir='ltr'><strong>ipsa</strong></span> <span class='ocrx_word' id='word_1_60' title='bbox 761 1236 1001 1287; x_wconf 83' lang='lat' dir='ltr'><strong>veritate.</strong></span> <span class='ocrx_word' id='word_1_61' title='bbox 1068 1237 1133 1287; x_wconf 80' lang='lat' dir='ltr'><strong>ld</strong></span> <span class='ocrx_word' id='word_1_62' title='bbox 1158 1239 1318 1290; x_wconf 89' lang='lat' dir='ltr'><strong>telum</strong></span> 
     </span>
     <span class='ocr_line' id='line_1_11' title="bbox 243 1310 1320 1381; baseline 0.003 -20"><span class='ocrx_word' id='word_1_63' title='bbox 243 1310 475 1377; x_wconf 76' lang='lat' dir='ltr'><strong>(inquit)</strong></span> <span class='ocrx_word' id='word_1_64' title='bbox 496 1318 671 1363; x_wconf 83' lang='lat' dir='ltr'><strong>utrum</strong></span> <span class='ocrx_word' id='word_1_65' title='bbox 694 1314 770 1362; x_wconf 78' lang='lat' dir='ltr'><strong>vis</strong></span> <span class='ocrx_word' id='word_1_66' title='bbox 789 1314 943 1380; x_wconf 77' lang='lat' dir='ltr'><strong>longe</strong></span> <span class='ocrx_word' id='word_1_67' title='bbox 962 1313 1157 1377; x_wconf 85' lang='lat' dir='ltr'><strong>volare,</strong></span> <span class='ocrx_word' id='word_1_68' title='bbox 1176 1327 1320 1381; x_wconf 75' lang='lat' dir='ltr'><strong>mag·</strong></span> 
     </span>
     <span class='ocr_line' id='line_1_12' title="bbox 244 1390 1319 1458; baseline 0.003 -19"><span class='ocrx_word' id='word_1_69' title='bbox 244 1390 327 1439; x_wconf 81' lang='lat' dir='ltr'><strong>nis</strong></span> <span class='ocrx_word' id='word_1_70' title='bbox 368 1390 589 1453; x_wconf 87' lang='lat' dir='ltr'><strong>viribus,</strong></span> <span class='ocrx_word' id='word_1_71' title='bbox 621 1392 914 1458; x_wconf 82' lang='lat' dir='ltr'><strong>validisque</strong></span> <span class='ocrx_word' id='word_1_72' title='bbox 950 1393 1161 1443; x_wconf 88' lang='lat' dir='ltr'><strong>lacertis</strong></span> <span class='ocrx_word' id='word_1_73' title='bbox 1195 1408 1319 1444; x_wconf 90' lang='lat' dir='ltr'><strong>con-</strong></span> 
     </span>
     <span class='ocr_line' id='line_1_13' title="bbox 245 1468 1316 1534; baseline 0.005 -19"><span class='ocrx_word' id='word_1_74' title='bbox 245 1472 465 1530; x_wconf 78' lang='lat' dir='ltr'><strong>tortum,</strong></span> <span class='ocrx_word' id='word_1_75' title='bbox 485 1482 553 1516; x_wconf 83' lang='lat' dir='ltr'><strong>an</strong></span> <span class='ocrx_word' id='word_1_76' title='bbox 576 1468 773 1533; x_wconf 84' lang='lat' dir='ltr'><strong>aliquid</strong></span> <span class='ocrx_word' id='word_1_77' title='bbox 793 1469 1004 1520; x_wconf 84' lang='lat' dir='ltr'><strong>obstare</strong></span> <span class='ocrx_word' id='word_1_78' title='bbox 1027 1485 1178 1534; x_wconf 85' lang='lat' dir='ltr'><strong>posse</strong></span> <span class='ocrx_word' id='word_1_79' title='bbox 1196 1485 1316 1522; x_wconf 88' lang='lat' dir='ltr'><strong>ceu-</strong></span> 
     </span>
     <span class='ocr_line' id='line_1_14' title="bbox 244 1544 1319 1612; baseline 0.004 -18"><span class='ocrx_word' id='word_1_80' title='bbox 244 1544 369 1594; x_wconf 64' lang='lat' dir='ltr'><strong>m?</strong></span> <span class='ocrx_word' id='word_1_81' title='bbox 400 1544 550 1607; x_wconf 71' lang='lat' dir='ltr'><strong>¹virg.</strong></span> <span class='ocrx_word' id='word_1_82' title='bbox 579 1549 632 1595; x_wconf 78' lang='lat'><strong>2.</strong></span> <span class='ocrx_word' id='word_1_83' title='bbox 670 1550 753 1596; x_wconf 72' lang='lat'><strong>52.</strong></span> <span class='ocrx_word' id='word_1_84' title='bbox 789 1546 1012 1598; x_wconf 58' lang='lat' dir='ltr'><strong>§validis</strong></span> <span class='ocrx_word' id='word_1_85' title='bbox 1049 1548 1319 1612; x_wconf 83' lang='lat' dir='ltr'><strong>ingentem</strong></span> 
     </span>
     <span class='ocr_line' id='line_1_15' title="bbox 243 1621 1317 1680; baseline 0.005 -9"><span class='ocrx_word' id='word_1_86' title='bbox 243 1621 445 1674; x_wconf 80' lang='lat' dir='ltr'><strong>viribus</strong></span> <span class='ocrx_word' id='word_1_87' title='bbox 483 1625 685 1674; x_wconf 76' lang='lat' dir='ltr'><strong>hastam</strong></span> <span class='ocrx_word' id='word_1_88' title='bbox 728 1625 1031 1677; x_wconf 82' lang='lat' dir='ltr'><strong>contorsit.’</strong></span> <span class='ocrx_word' id='word_1_89' title='bbox 1095 1627 1198 1680; x_wconf 82' lang='lat' dir='ltr'><strong>Qui</strong></span> <span class='ocrx_word' id='word_1_90' title='bbox 1242 1627 1317 1676; x_wconf 76' lang='lat' dir='ltr'><strong>ia·</strong></span> 
     </span>
     <span class='ocr_line' id='line_1_16' title="bbox 241 1698 1316 1767; baseline 0 -15"><span class='ocrx_word' id='word_1_91' title='bbox 241 1698 421 1752; x_wconf 72' lang='lat' dir='ltr'><strong>edidis</strong></span> <span class='ocrx_word' id='word_1_92' title='bbox 440 1701 692 1765; x_wconf 81' lang='lat' dir='ltr'><strong>retinent,</strong></span> <span class='ocrx_word' id='word_1_93' title='bbox 716 1703 855 1767; x_wconf 86' lang='lat' dir='ltr'><strong>qnod</strong></span> <span class='ocrx_word' id='word_1_94' title='bbox 895 1708 982 1754; x_wconf 87' lang='lat' dir='ltr'><strong>est</strong></span> <span class='ocrx_word' id='word_1_95' title='bbox 1011 1702 1065 1752; x_wconf 90' lang='lat' dir='ltr'><strong>in</strong></span> <span class='ocrx_word' id='word_1_96' title='bbox 1090 1702 1180 1754; x_wconf 90' lang='lat' dir='ltr'><strong>lib.</strong></span> <span class='ocrx_word' id='word_1_97' title='bbox 1204 1704 1316 1753; x_wconf 81' lang='lat' dir='ltr'><strong>vul-</strong></span> 
     </span>
     <span class='ocr_line' id='line_1_17' title="bbox 244 1776 1317 1845; baseline 0.004 -18"><span class='ocrx_word' id='word_1_98' title='bbox 244 1776 405 1840; x_wconf 71' lang='lat' dir='ltr'><strong>gatis,</strong></span> <span class='ocrx_word' id='word_1_99' title='bbox 425 1784 483 1828; x_wconf 87' lang='lat' dir='ltr'><strong>et</strong></span> <span class='ocrx_word' id='word_1_100' title='bbox 505 1778 656 1828; x_wconf 83' lang='lat' dir='ltr'><strong>valde</strong></span> <span class='ocrx_word' id='word_1_101' title='bbox 675 1778 860 1830; x_wconf 84' lang='lat' dir='ltr'><strong>validis</strong></span> <span class='ocrx_word' id='word_1_102' title='bbox 877 1780 1317 1845; x_wconf 78' lang='lat' dir='ltr'><strong>interpretantur,</strong></span> 
     </span>
     <span class='ocr_line' id='line_1_18' title="bbox 243 1853 1316 1919; baseline 0.003 -13"><span class='ocrx_word' id='word_1_103' title='bbox 243 1853 592 1918; x_wconf 57' lang='grc' dir='ltr'><strong>τετύφλωται,</strong></span> <span class='ocrx_word' id='word_1_104' title='bbox 638 1854 719 1905; x_wconf 63' lang='grc' dir='ltr'><strong>καὶ</strong></span> <span class='ocrx_word' id='word_1_105' title='bbox 769 1853 1083 1919; x_wconf 58' lang='lat' dir='ltr'><strong>rev-bouum.</strong></span> <span class='ocrx_word' id='word_1_106' title='bbox 1149 1857 1316 1909; x_wconf 61' lang='lat' dir='ltr'><strong>Lumo.</strong></span> 
     </span>
     <span class='ocr_line' id='line_1_19' title="bbox 245 1931 1317 1994; baseline 0.003 -13"><span class='ocrx_word' id='word_1_107' title='bbox 245 1931 489 1982; x_wconf 63' lang='lat' dir='ltr'><strong>Indictis</strong></span> <span class='ocrx_word' id='word_1_108' title='bbox 510 1963 525 1982; x_wconf 95' lang='lat'><strong>.</strong></span> <span class='ocrx_word' id='word_1_109' title='bbox 544 1968 558 1982; x_wconf 95' lang='lat'><strong>.</strong></span> <span class='ocrx_word' id='word_1_110' title='bbox 576 1968 591 1981; x_wconf 90' lang='lat'><strong>.</strong></span> <span class='ocrx_word' id='word_1_111' title='bbox 614 1932 725 1988; x_wconf 70' lang='lat' dir='ltr'><strong>Quo</strong></span> <span class='ocrx_word' id='word_1_112' title='bbox 750 1932 928 1994; x_wconf 74' lang='lat' dir='ltr'><strong>suerit.</strong></span> <span class='ocrx_word' id='word_1_113' title='bbox 995 1934 1042 1984; x_wconf 90' lang='lat'><strong>1.</strong></span> <span class='ocrx_word' id='word_1_114' title='bbox 1081 1948 1129 1984; x_wconf 90' lang='lat' dir='ltr'><strong>e.</strong></span> <span class='ocrx_word' id='word_1_115' title='bbox 1163 1934 1317 1984; x_wconf 86' lang='lat' dir='ltr'><strong>valde</strong></span> 
     </span>
     <span class='ocr_line' id='line_1_20' title="bbox 243 2008 1317 2060; baseline 0.003 -3"><span class='ocrx_word' id='word_1_116' title='bbox 243 2008 455 2059; x_wconf 79' lang='lat' dir='ltr'><strong>validis.</strong></span> <span class='ocrx_word' id='word_1_117' title='bbox 521 2009 611 2059; x_wconf 83' lang='lat' dir='ltr'><strong>Ita</strong></span> <span class='ocrx_word' id='word_1_118' title='bbox 626 2015 731 2058; x_wconf 88' lang='lat' dir='ltr'><strong>vet.</strong></span> <span class='ocrx_word' id='word_1_119' title='bbox 776 2009 1091 2060; x_wconf 81' lang='lat' dir='ltr'><strong>Lambinus:</strong></span> <span class='ocrx_word' id='word_1_120' title='bbox 1120 2011 1183 2060; x_wconf 81' lang='lat' dir='ltr'><strong>Id</strong></span> <span class='ocrx_word' id='word_1_121' title='bbox 1194 2011 1317 2060; x_wconf 76' lang='lat' dir='ltr'><strong>vali-</strong></span> 
     </span>
     <span class='ocr_line' id='line_1_21' title="bbox 242 2086 1317 2148; baseline 0.002 -12"><span class='ocrx_word' id='word_1_122' title='bbox 242 2086 337 2136; x_wconf 72' lang='lat' dir='ltr'><strong>dis.</strong></span> <span class='ocrx_word' id='word_1_123' title='bbox 361 2092 421 2136; x_wconf 85' lang='lat' dir='ltr'><strong>et</strong></span> <span class='ocrx_word' id='word_1_124' title='bbox 442 2100 563 2135; x_wconf 79' lang='lat' dir='ltr'><strong>mox</strong></span> <span class='ocrx_word' id='word_1_125' title='bbox 603 2086 744 2143; x_wconf 71' lang='lat' dir='ltr'><strong>Quod</strong></span> <span class='ocrx_word' id='word_1_126' title='bbox 767 2087 950 2148; x_wconf 73' lang='lat' dir='ltr'><strong>suerit.</strong></span> <span class='ocrx_word' id='word_1_127' title='bbox 1015 2088 1188 2137; x_wconf 86' lang='lat' dir='ltr'><strong>Etiam</strong></span> <span class='ocrx_word' id='word_1_128' title='bbox 1213 2102 1317 2138; x_wconf 87' lang='lat' dir='ltr'><strong>non</strong></span> 
     </span>
     <span class='ocr_line' id='line_1_22' title="bbox 243 2164 1317 2225; baseline 0.002 -12"><span class='ocrx_word' id='word_1_129' title='bbox 243 2164 397 2214; x_wconf 65' lang='lat' dir='ltr'><strong>nde.</strong></span> <span class='ocrx_word' id='word_1_130' title='bbox 436 2164 546 2225; x_wconf 65' lang='lat' dir='ltr'><strong>Gir.</strong></span> <span class='ocrx_word' id='word_1_131' title='bbox 610 2164 675 2214; x_wconf 73' lang='lat' dir='ltr'><strong>Ia</strong></span> <span class='ocrx_word' id='word_1_132' title='bbox 710 2166 899 2216; x_wconf 70' lang='lat' dir='ltr'><strong>validis.</strong></span> <span class='ocrx_word' id='word_1_133' title='bbox 979 2166 1148 2216; x_wconf 87' lang='lat' dir='ltr'><strong>Recte</strong></span> <span class='ocrx_word' id='word_1_134' title='bbox 1189 2166 1317 2215; x_wconf 89' lang='lat' dir='ltr'><strong>Gas-</strong></span> 
     </span>
     <span class='ocr_line' id='line_1_23' title="bbox 246 2240 1317 2308; baseline 0.002 -18"><span class='ocrx_word' id='word_1_135' title='bbox 246 2240 442 2291; x_wconf 83' lang='lat' dir='ltr'><strong>sendns</strong></span> <span class='ocrx_word' id='word_1_136' title='bbox 457 2249 515 2292; x_wconf 85' lang='lat' dir='ltr'><strong>et</strong></span> <span class='ocrx_word' id='word_1_137' title='bbox 532 2241 622 2292; x_wconf 87' lang='lat' dir='ltr'><strong>alii</strong></span> <span class='ocrx_word' id='word_1_138' title='bbox 639 2242 865 2294; x_wconf 67' lang='lat' dir='ltr'><strong>invalidis</strong></span> <span class='ocrx_word' id='word_1_139' title='bbox 890 2257 985 2308; x_wconf 91' lang='lat' dir='ltr'><strong>pro</strong></span> <span class='ocrx_word' id='word_1_140' title='bbox 1016 2243 1168 2293; x_wconf 81' lang='lat' dir='ltr'><strong>valde</strong></span> <span class='ocrx_word' id='word_1_141' title='bbox 1189 2243 1317 2294; x_wconf 87' lang='lat' dir='ltr'><strong>vali·</strong></span> 
     </span>
     <span class='ocr_line' id='line_1_24' title="bbox 246 2317 584 2370; baseline 0.003 -2"><span class='ocrx_word' id='word_1_142' title='bbox 246 2317 345 2369; x_wconf 78' lang='lat' dir='ltr'><strong>dis.</strong></span> <span class='ocrx_word' id='word_1_143' title='bbox 385 2319 584 2370; x_wconf 74' lang='lat' dir='ltr'><strong>Creecls.</strong></span> 
     </span>
    </p>

    <p class='ocr_par' dir='ltr' id='par_1_3' title="bbox 239 2396 1318 3472">
     <span class='ocr_line' id='line_1_25' title="bbox 305 2396 1318 2463; baseline 0.005 -18"><span class='ocrx_word' id='word_1_144' title='bbox 305 2399 409 2446; x_wconf 71' lang='grc'><strong>072</strong></span> <span class='ocrx_word' id='word_1_145' title='bbox 434 2396 711 2457; x_wconf 69' lang='lat' dir='ltr'><strong>Qualiter-it</strong></span> <span class='ocrx_word' id='word_1_146' title='bbox 730 2397 942 2463; x_wconf 66' lang='grc' dir='ltr'><strong>ηιίεωηι]</strong></span> <span class='ocrx_word' id='word_1_147' title='bbox 964 2400 1043 2449; x_wconf 85' lang='lat' dir='ltr'><strong>Eo</strong></span> <span class='ocrx_word' id='word_1_148' title='bbox 1066 2400 1241 2450; x_wconf 85' lang='lat' dir='ltr'><strong>volare</strong></span> <span class='ocrx_word' id='word_1_149' title='bbox 1261 2407 1318 2450; x_wconf 88' lang='lat' dir='ltr'><strong>et</strong></span> 
     </span>
     <span class='ocr_line' id='line_1_26' title="bbox 244 2473 1318 2539; baseline 0.005 -17"><span class='ocrx_word' id='word_1_150' title='bbox 244 2473 544 2538; x_wconf 83' lang='lat' dir='ltr'><strong>pervenire,</strong></span> <span class='ocrx_word' id='word_1_151' title='bbox 565 2489 666 2539; x_wconf 87' lang='lat' dir='ltr'><strong>qno</strong></span> <span class='ocrx_word' id='word_1_152' title='bbox 689 2473 850 2526; x_wconf 85' lang='lat' dir='ltr'><strong>fuerit</strong></span> <span class='ocrx_word' id='word_1_153' title='bbox 870 2477 1103 2527; x_wconf 82' lang='lat' dir='ltr'><strong>missum.</strong></span> <span class='ocrx_word' id='word_1_154' title='bbox 1128 2478 1205 2528; x_wconf 86' lang='lat' dir='ltr'><strong>sic</strong></span> <span class='ocrx_word' id='word_1_155' title='bbox 1226 2492 1318 2527; x_wconf 84' lang='lat' dir='ltr'><strong>au·</strong></span> 
     </span>
     <span class='ocr_line' id='line_1_27' title="bbox 246 2552 1318 2618; baseline 0.004 -16"><span class='ocrx_word' id='word_1_156' title='bbox 246 2558 355 2602; x_wconf 85' lang='lat' dir='ltr'><strong>tem</strong></span> <span class='ocrx_word' id='word_1_157' title='bbox 378 2552 657 2616; x_wconf 68' lang='lat' dir='ltr'><strong>legendum</strong></span> <span class='ocrx_word' id='word_1_158' title='bbox 679 2552 911 2618; x_wconf 84' lang='lat' dir='ltr'><strong>videtur,</strong></span> <span class='ocrx_word' id='word_1_159' title='bbox 943 2568 1047 2605; x_wconf 91' lang='lat' dir='ltr'><strong>non</strong></span> <span class='ocrx_word' id='word_1_160' title='bbox 1071 2556 1318 2618; x_wconf 73' lang='lat' dir='ltr'><strong>quodsu-</strong></span> 
     </span>
     <span class='ocr_line' id='line_1_28' title="bbox 244 2630 1314 2699; baseline 0.004 -19"><span class='ocrx_word' id='word_1_161' title='bbox 244 2631 333 2695; x_wconf 66' lang='lat' dir='ltr'><strong>rit,</strong></span> <span class='ocrx_word' id='word_1_162' title='bbox 354 2637 419 2681; x_wconf 85' lang='lat' dir='ltr'><strong>nt</strong></span> <span class='ocrx_word' id='word_1_163' title='bbox 439 2637 524 2681; x_wconf 75' lang='lat' dir='ltr'><strong>est</strong></span> <span class='ocrx_word' id='word_1_164' title='bbox 545 2630 598 2680; x_wconf 87' lang='lat' dir='ltr'><strong>in</strong></span> <span class='ocrx_word' id='word_1_165' title='bbox 620 2630 767 2681; x_wconf 81' lang='lat' dir='ltr'><strong>aliis:</strong></span> <span class='ocrx_word' id='word_1_166' title='bbox 803 2647 1116 2699; x_wconf 84' lang='lat' dir='ltr'><strong>quamquam</strong></span> <span class='ocrx_word' id='word_1_167' title='bbox 1147 2635 1314 2684; x_wconf 85' lang='lat' dir='ltr'><strong>etiam</strong></span> 
     </span>
     <span class='ocr_line' id='line_1_29' title="bbox 244 2708 1317 2775; baseline 0.001 -14"><span class='ocrx_word' id='word_1_168' title='bbox 244 2712 358 2761; x_wconf 74' lang='lat' dir='ltr'><strong>baec</strong></span> <span class='ocrx_word' id='word_1_169' title='bbox 400 2708 570 2761; x_wconf 85' lang='lat' dir='ltr'><strong>lectio</strong></span> <span class='ocrx_word' id='word_1_170' title='bbox 610 2708 739 2759; x_wconf 85' lang='lat' dir='ltr'><strong>ferri</strong></span> <span class='ocrx_word' id='word_1_171' title='bbox 775 2716 970 2775; x_wconf 79' lang='lat' dir='ltr'><strong>potest.</strong></span> <span class='ocrx_word' id='word_1_172' title='bbox 1036 2711 1139 2762; x_wconf 83' lang='lat' dir='ltr'><strong>Sed</strong></span> <span class='ocrx_word' id='word_1_173' title='bbox 1178 2713 1317 2762; x_wconf 85' lang='lat' dir='ltr'><strong>enim</strong></span> 
     </span>
     <span class='ocr_line' id='line_1_30' title="bbox 242 2784 1315 2853; baseline 0.002 -16"><span class='ocrx_word' id='word_1_174' title='bbox 242 2784 319 2837; x_wconf 82' lang='lat' dir='ltr'><strong>ita</strong></span> <span class='ocrx_word' id='word_1_175' title='bbox 339 2793 403 2836; x_wconf 86' lang='lat' dir='ltr'><strong>ut</strong></span> <span class='ocrx_word' id='word_1_176' title='bbox 426 2785 684 2836; x_wconf 77' lang='lat' dir='ltr'><strong>edendum</strong></span> <span class='ocrx_word' id='word_1_177' title='bbox 708 2788 906 2850; x_wconf 83' lang='lat' dir='ltr'><strong>curavi,</strong></span> <span class='ocrx_word' id='word_1_178' title='bbox 935 2789 1170 2853; x_wconf 81' lang='lat' dir='ltr'><strong>loquitur</strong></span> <span class='ocrx_word' id='word_1_179' title='bbox 1197 2804 1315 2853; x_wconf 63' lang='lat' dir='ltr'><strong>sap·</strong></span> 
     </span>
     <span class='ocr_line' id='line_1_31' title="bbox 242 2863 1316 2931; baseline 0 -16"><span class='ocrx_word' id='word_1_180' title='bbox 242 2866 375 2917; x_wconf 79' lang='lat' dir='ltr'><strong>timo</strong></span> <span class='ocrx_word' id='word_1_181' title='bbox 410 2863 598 2914; x_wconf 83' lang='lat' dir='ltr'><strong>abhinc</strong></span> <span class='ocrx_word' id='word_1_182' title='bbox 632 2877 809 2928; x_wconf 80' lang='lat' dir='ltr'><strong>versu,</strong></span> <span class='ocrx_word' id='word_1_183' title='bbox 844 2864 1003 2927; x_wconf 85' lang='lat' dir='ltr'><strong>infra,</strong></span> <span class='ocrx_word' id='word_1_184' title='bbox 1040 2865 1131 2931; x_wconf 89' lang='lat' dir='ltr'><strong>ibi,</strong></span> <span class='ocrx_word' id='word_1_185' title='bbox 1166 2867 1316 2918; x_wconf 84' lang='lat' dir='ltr'><strong>‘Quo</strong></span> 
     </span>
     <span class='ocr_line' id='line_1_32' title="bbox 239 2945 1314 3011; baseline 0.002 -16"><span class='ocrx_word' id='word_1_186' title='bbox 239 2946 416 2996; x_wconf 84' lang='lat' dir='ltr'><strong>minus</strong></span> <span class='ocrx_word' id='word_1_187' title='bbox 436 2959 539 3011; x_wconf 89' lang='lat' dir='ltr'><strong>quo</strong></span> <span class='ocrx_word' id='word_1_188' title='bbox 578 2945 787 2996; x_wconf 86' lang='lat' dir='ltr'><strong>missum</strong></span> <span class='ocrx_word' id='word_1_189' title='bbox 826 2956 929 3010; x_wconf 89' lang='lat' dir='ltr'><strong>est,</strong></span> <span class='ocrx_word' id='word_1_190' title='bbox 971 2947 1179 3009; x_wconf 66' lang='lat' dir='ltr'><strong>veniat:</strong></span> <span class='ocrx_word' id='word_1_191' title='bbox 1213 2950 1314 2997; x_wconf 67' lang='lat' dir='ltr'><strong>dcc.</strong></span> 
     </span>
     <span class='ocr_line' id='line_1_33' title="bbox 243 3022 1314 3087; baseline 0.002 -16"><span class='ocrx_word' id='word_1_192' title='bbox 243 3023 427 3073; x_wconf 84' lang='lat' dir='ltr'><strong>volare</strong></span> <span class='ocrx_word' id='word_1_193' title='bbox 461 3029 636 3072; x_wconf 83' lang='lat' dir='ltr'><strong>autem</strong></span> <span class='ocrx_word' id='word_1_194' title='bbox 670 3022 928 3074; x_wconf 73' lang='lat' dir='ltr'><strong>translate</strong></span> <span class='ocrx_word' id='word_1_195' title='bbox 966 3023 1192 3087; x_wconf 82' lang='lat' dir='ltr'><strong>positum</strong></span> <span class='ocrx_word' id='word_1_196' title='bbox 1215 3029 1314 3073; x_wconf 87' lang='lat' dir='ltr'><strong>est.</strong></span> 
     </span>
     <span class='ocr_line' id='line_1_34' title="bbox 242 3099 1317 3165; baseline 0.002 -17"><span class='ocrx_word' id='word_1_197' title='bbox 242 3099 399 3165; x_wconf 73' lang='lat' dir='ltr'><strong>virg.</strong></span> <span class='ocrx_word' id='word_1_198' title='bbox 443 3103 495 3149; x_wconf 77' lang='lat'><strong>9.</strong></span> <span class='ocrx_word' id='word_1_199' title='bbox 539 3103 655 3150; x_wconf 75' lang='lat'><strong>698.</strong></span> <span class='ocrx_word' id='word_1_200' title='bbox 701 3100 718 3127; x_wconf 89' lang='lat'>‘</span> <span class='ocrx_word' id='word_1_201' title='bbox 744 3100 888 3151; x_wconf 78' lang='lat' dir='ltr'><strong>volat</strong></span> <span class='ocrx_word' id='word_1_202' title='bbox 943 3100 1083 3150; x_wconf 89' lang='lat' dir='ltr'><strong>Itala</strong></span> <span class='ocrx_word' id='word_1_203' title='bbox 1127 3115 1317 3151; x_wconf 85' lang='lat' dir='ltr'><strong>cornus</strong></span> 
     </span>
     <span class='ocr_line' id='line_1_35' title="bbox 240 3175 1316 3240; baseline 0.001 -13"><span class='ocrx_word' id='word_1_204' title='bbox 240 3177 385 3228; x_wconf 64' lang='lat' dir='ltr'><strong>Aera</strong></span> <span class='ocrx_word' id='word_1_205' title='bbox 430 3190 527 3240; x_wconf 87' lang='lat' dir='ltr'><strong>per</strong></span> <span class='ocrx_word' id='word_1_206' title='bbox 564 3175 841 3227; x_wconf 68' lang='lat' dir='ltr'><strong>tenerum!</strong></span> <span class='ocrx_word' id='word_1_207' title='bbox 909 3176 1128 3227; x_wconf 81' lang='lat' dir='ltr'><strong>Homer.</strong></span> <span class='ocrx_word' id='word_1_208' title='bbox 1162 3183 1237 3226; x_wconf 76' lang='grc' dir='ltr'><strong>ιλ.</strong></span> <span class='ocrx_word' id='word_1_209' title='bbox 1270 3194 1316 3228; x_wconf 76' lang='grc' dir='ltr'><strong>ν.</strong></span> 
     </span>
     <span class='ocr_line' id='line_1_36' title="bbox 241 3253 1314 3319; baseline 0.001 -14"><span class='ocrx_word' id='word_1_210' title='bbox 241 3260 357 3306; x_wconf 73' lang='grc'><strong>687.</strong></span> <span class='ocrx_word' id='word_1_211' title='bbox 393 3253 489 3305; x_wconf 69' lang='grc' dir='ltr'><strong>ἀπὸ</strong></span> <span class='ocrx_word' id='word_1_212' title='bbox 509 3255 549 3303; x_wconf 75' lang='grc' dir='ltr'><strong>δ’</strong></span> <span class='ocrx_word' id='word_1_213' title='bbox 565 3253 742 3305; x_wconf 71' lang='grc' dir='ltr'>ἔπτατο</span> <span class='ocrx_word' id='word_1_214' title='bbox 755 3254 915 3319; x_wconf 71' lang='grc' dir='ltr'>πικρὸς</span> <span class='ocrx_word' id='word_1_215' title='bbox 930 3254 1104 3306; x_wconf 60' lang='grc' dir='ltr'><strong>ὀϊστός.</strong></span> <span class='ocrx_word' id='word_1_216' title='bbox 1146 3255 1314 3306; x_wconf 72' lang='lat' dir='ltr'><strong>Lumb-</strong></span> 
     </span>
     <span class='ocr_line' id='line_1_37' title="bbox 247 3331 1315 3389; baseline -0.001 -7"><span class='ocrx_word' id='word_1_217' title='bbox 247 3334 376 3389; x_wconf 60' lang='grc' dir='ltr'><strong>Ωιι..</strong></span> <span class='ocrx_word' id='word_1_218' title='bbox 403 3332 545 3388; x_wconf 68' lang='lat' dir='ltr'><strong>Quod</strong></span> <span class='ocrx_word' id='word_1_219' title='bbox 566 3331 735 3382; x_wconf 88' lang='lat' dir='ltr'><strong>Nard.</strong></span> <span class='ocrx_word' id='word_1_220' title='bbox 800 3332 962 3381; x_wconf 79' lang='lat' dir='ltr'><strong>Hunc</strong></span> <span class='ocrx_word' id='word_1_221' title='bbox 980 3347 1188 3382; x_wconf 79' lang='lat' dir='ltr'><strong>versum</strong></span> <span class='ocrx_word' id='word_1_222' title='bbox 1212 3347 1315 3382; x_wconf 91' lang='lat' dir='ltr'><strong>non</strong></span> 
     </span>
     <span class='ocr_line' id='line_1_38' title="bbox 240 3407 797 3472; baseline 0.002 -15"><span class='ocrx_word' id='word_1_223' title='bbox 240 3407 489 3472; x_wconf 77' lang='lat' dir='ltr'><strong>agnoscit</strong></span> <span class='ocrx_word' id='word_1_224' title='bbox 506 3408 573 3458; x_wconf 86' lang='lat' dir='ltr'><strong>B.</strong></span> <span class='ocrx_word' id='word_1_225' title='bbox 599 3408 797 3459; x_wconf 60' lang='grc' dir='ltr'><strong>στερεὴ.</strong></span> 
     </span>
    </p>

    <p class='ocr_par' dir='ltr' id='par_1_4' title="bbox 239 3485 1317 4013">
     <span class='ocr_line' id='line_1_39' title="bbox 304 3485 1312 3553; baseline 0.002 -19"><span class='ocrx_word' id='word_1_226' title='bbox 304 3489 409 3535; x_wconf 76' lang='grc'><strong>976</strong></span> <span class='ocrx_word' id='word_1_227' title='bbox 434 3485 649 3541; x_wconf 69' lang='lat' dir='ltr'><strong>Quom-s</strong></span> <span class='ocrx_word' id='word_1_228' title='bbox 667 3491 916 3551; x_wconf 69' lang='lat' dir='ltr'><strong>utrumque</strong></span> <span class='ocrx_word' id='word_1_229' title='bbox 936 3487 1029 3537; x_wconf 75' lang='lat' dir='ltr'><strong>tibi</strong></span> <span class='ocrx_word' id='word_1_230' title='bbox 1048 3485 1159 3553; x_wconf 73' lang='lat' dir='ltr'><strong>effi]</strong></span> <span class='ocrx_word' id='word_1_231' title='bbox 1195 3487 1239 3536; x_wconf 83' lang='grc' dir='ltr'><strong>Ι.</strong></span> <span class='ocrx_word' id='word_1_232' title='bbox 1264 3500 1312 3536; x_wconf 90' lang='lat' dir='ltr'><strong>e.</strong></span> 
     </span>
     <span class='ocr_line' id='line_1_40' title="bbox 241 3561 1315 3628; baseline 0.001 -16"><span class='ocrx_word' id='word_1_233' title='bbox 241 3568 648 3627; x_wconf 70' lang='lat' dir='ltr'><strong>utrumcumque</strong></span> <span class='ocrx_word' id='word_1_234' title='bbox 704 3565 969 3627; x_wconf 82' lang='lat' dir='ltr'><strong>sumseris,</strong></span> <span class='ocrx_word' id='word_1_235' title='bbox 1031 3561 1315 3628; x_wconf 82' lang='lat' dir='ltr'><strong>effugiendi</strong></span> 
     </span>
     <span class='ocr_line' id='line_1_41' title="bbox 239 3638 1313 3707; baseline 0.005 -20"><span class='ocrx_word' id='word_1_236' title='bbox 239 3638 381 3688; x_wconf 80' lang='lat' dir='ltr'><strong>viam</strong></span> <span class='ocrx_word' id='word_1_237' title='bbox 414 3639 722 3690; x_wconf 71' lang='lat' dir='ltr'><strong>intercludit</strong></span> <span class='ocrx_word' id='word_1_238' title='bbox 738 3656 754 3689; x_wconf 71' lang='lat' dir='ltr'>z</span> <span class='ocrx_word' id='word_1_239' title='bbox 780 3650 1176 3707; x_wconf 85' lang='lat' dir='ltr'><strong>utrumcumque</strong></span> <span class='ocrx_word' id='word_1_240' title='bbox 1199 3641 1313 3691; x_wconf 79' lang='lat' dir='ltr'><strong>dix·</strong></span> 
     </span>
     <span class='ocr_line' id='line_1_42' title="bbox 242 3716 1314 3784; baseline 0.001 -18"><span class='ocrx_word' id='word_1_241' title='bbox 242 3717 370 3779; x_wconf 73' lang='lat' dir='ltr'><strong>eris,</strong></span> <span class='ocrx_word' id='word_1_242' title='bbox 410 3716 548 3766; x_wconf 85' lang='lat' dir='ltr'><strong>elabi</strong></span> <span class='ocrx_word' id='word_1_243' title='bbox 580 3731 690 3767; x_wconf 89' lang='lat' dir='ltr'><strong>non</strong></span> <span class='ocrx_word' id='word_1_244' title='bbox 727 3727 901 3783; x_wconf 87' lang='lat' dir='ltr'><strong>potes,</strong></span> <span class='ocrx_word' id='word_1_245' title='bbox 923 3720 1002 3769; x_wconf 86' lang='lat' dir='ltr'><strong>ita</strong></span> <span class='ocrx_word' id='word_1_246' title='bbox 1022 3726 1083 3769; x_wconf 85' lang='lat' dir='ltr'><strong>ut</strong></span> <span class='ocrx_word' id='word_1_247' title='bbox 1113 3719 1314 3784; x_wconf 78' lang='lat' dir='ltr'><strong>cogaris</strong></span> 
     </span>
     <span class='ocr_line' id='line_1_43' title="bbox 244 3792 1314 3847; baseline 0.003 -5"><span class='ocrx_word' id='word_1_248' title='bbox 244 3792 547 3843; x_wconf 75' lang='lat' dir='ltr'><strong>concedere</strong></span> <span class='ocrx_word' id='word_1_249' title='bbox 568 3804 625 3845; x_wconf 86' lang='lat' dir='ltr'><strong>et</strong></span> <span class='ocrx_word' id='word_1_250' title='bbox 646 3793 803 3845; x_wconf 81' lang='lat' dir='ltr'><strong>fateri</strong></span> <span class='ocrx_word' id='word_1_251' title='bbox 823 3811 976 3846; x_wconf 86' lang='lat' dir='ltr'><strong>omne</strong></span> <span class='ocrx_word' id='word_1_252' title='bbox 999 3811 1114 3847; x_wconf 86' lang='lat' dir='ltr'><strong>esse</strong></span> <span class='ocrx_word' id='word_1_253' title='bbox 1147 3795 1314 3846; x_wconf 86' lang='lat' dir='ltr'><strong>infini-</strong></span> 
     </span>
     <span class='ocr_line' id='line_1_44' title="bbox 244 3873 1317 3943; baseline 0.006 -21"><span class='ocrx_word' id='word_1_254' title='bbox 244 3878 379 3935; x_wconf 80' lang='lat' dir='ltr'><strong>tum,</strong></span> <span class='ocrx_word' id='word_1_255' title='bbox 403 3887 499 3923; x_wconf 82' lang='lat' dir='ltr'><strong>scu</strong></span> <span class='ocrx_word' id='word_1_256' title='bbox 519 3873 632 3924; x_wconf 89' lang='lat' dir='ltr'><strong>sine</strong></span> <span class='ocrx_word' id='word_1_257' title='bbox 651 3873 757 3927; x_wconf 81' lang='lat' dir='ltr'><strong>fine</strong></span> <span class='ocrx_word' id='word_1_258' title='bbox 791 3876 843 3926; x_wconf 89' lang='lat' dir='ltr'><strong>in</strong></span> <span class='ocrx_word' id='word_1_259' title='bbox 884 3877 1083 3926; x_wconf 84' lang='lat' dir='ltr'><strong>omneis</strong></span> <span class='ocrx_word' id='word_1_260' title='bbox 1114 3877 1317 3943; x_wconf 86' lang='lat' dir='ltr'><strong>parteis</strong></span> 
     </span>
     <span class='ocr_line' id='line_1_45' title="bbox 244 3950 647 4013; baseline 0.002 -13"><span class='ocrx_word' id='word_1_261' title='bbox 244 3957 455 4013; x_wconf 76' lang='lat' dir='ltr'><strong>patere.</strong></span> <span class='ocrx_word' id='word_1_262' title='bbox 478 3950 647 4001; x_wconf 73' lang='lat' dir='ltr'><strong>lamb.</strong></span> 
     </span>
    </p>

    <p class='ocr_par' dir='ltr' id='par_1_5' title="bbox 243 4026 1322 4544">
     <span class='ocr_line' id='line_1_46' title="bbox 307 4026 1314 4091; baseline 0.002 -14"><span class='ocrx_word' id='word_1_263' title='bbox 307 4030 407 4077; x_wconf 72' lang='grc'><strong>977</strong></span> <span class='ocrx_word' id='word_1_264' title='bbox 431 4026 724 4091; x_wconf 64' lang='lat' dir='ltr'><strong>Prohibent]</strong></span> <span class='ocrx_word' id='word_1_265' title='bbox 744 4028 981 4080; x_wconf 81' lang='lat' dir='ltr'><strong>Jsculum</strong></span> <span class='ocrx_word' id='word_1_266' title='bbox 1007 4030 1223 4081; x_wconf 81' lang='lat' dir='ltr'><strong>tendere</strong></span> <span class='ocrx_word' id='word_1_267' title='bbox 1248 4029 1314 4080; x_wconf 85' lang='lat' dir='ltr'><strong>ad</strong></span> 
     </span>
     <span class='ocr_line' id='line_1_47' title="bbox 243 4103 1315 4173; baseline 0.006 -22"><span class='ocrx_word' id='word_1_268' title='bbox 243 4115 463 4165; x_wconf 77' lang='lat' dir='ltr'><strong>scopon.</strong></span> <span class='ocrx_word' id='word_1_269' title='bbox 531 4103 831 4155; x_wconf 75' lang='lat' dir='ltr'><strong>Notandum</strong></span> <span class='ocrx_word' id='word_1_270' title='bbox 856 4109 871 4135; x_wconf 91' lang='lat'>‘</span> <span class='ocrx_word' id='word_1_271' title='bbox 892 4107 1173 4172; x_wconf 75' lang='lat' dir='ltr'><strong>probibeo&#39;</strong></span> <span class='ocrx_word' id='word_1_272' title='bbox 1209 4109 1315 4173; x_wconf 90' lang='lat' dir='ltr'><strong>pri-</strong></span> 
     </span>
     <span class='ocr_line' id='line_1_48' title="bbox 244 4181 1316 4248; baseline 0.005 -20"><span class='ocrx_word' id='word_1_273' title='bbox 244 4193 329 4229; x_wconf 79' lang='lat' dir='ltr'><strong>ma</strong></span> <span class='ocrx_word' id='word_1_274' title='bbox 352 4181 557 4230; x_wconf 81' lang='lat' dir='ltr'><strong>intenta</strong></span> <span class='ocrx_word' id='word_1_275' title='bbox 595 4194 628 4229; x_wconf 82' lang='lat' dir='ltr'><strong>a</strong></span> <span class='ocrx_word' id='word_1_276' title='bbox 666 4183 913 4234; x_wconf 77' lang='lat' dir='ltr'><strong>Lucretio</strong></span> <span class='ocrx_word' id='word_1_277' title='bbox 952 4184 1179 4248; x_wconf 78' lang='lat' dir='ltr'><strong>proferri</strong></span> <span class='ocrx_word' id='word_1_278' title='bbox 1221 4198 1316 4247; x_wconf 92' lang='lat' dir='ltr'><strong>pro</strong></span> 
     </span>
     <span class='ocr_line' id='line_1_49' title="bbox 245 4255 1318 4326; baseline 0.002 -20"><span class='ocrx_word' id='word_1_279' title='bbox 245 4255 494 4307; x_wconf 74' lang='lat' dir='ltr'><strong>dictionis</strong></span> <span class='ocrx_word' id='word_1_280' title='bbox 518 4257 861 4310; x_wconf 63' lang='lat' dir='ltr'><strong>observantes</strong></span> <span class='ocrx_word' id='word_1_281' title='bbox 894 4274 1011 4326; x_wconf 77' lang='lat' dir='ltr'><strong>quoe</strong></span> <span class='ocrx_word' id='word_1_282' title='bbox 1029 4261 1185 4311; x_wconf 88' lang='lat' dir='ltr'><strong>modo</strong></span> <span class='ocrx_word' id='word_1_283' title='bbox 1202 4274 1318 4325; x_wconf 88' lang='lat' dir='ltr'><strong>pro·</strong></span> 
     </span>
     <span class='ocr_line' id='line_1_50' title="bbox 245 4333 1319 4402; baseline 0.003 -20"><span class='ocrx_word' id='word_1_284' title='bbox 245 4333 476 4400; x_wconf 76' lang='lat' dir='ltr'><strong>ducitur,</strong></span> <span class='ocrx_word' id='word_1_285' title='bbox 494 4334 968 4401; x_wconf 80' lang='lat' dir='ltr'><strong>niodocorripitur:</strong></span> <span class='ocrx_word' id='word_1_286' title='bbox 988 4343 1047 4387; x_wconf 90' lang='lat' dir='ltr'><strong>ut</strong></span> <span class='ocrx_word' id='word_1_287' title='bbox 1066 4344 1212 4402; x_wconf 86' lang='lat' dir='ltr'><strong>patet</strong></span> <span class='ocrx_word' id='word_1_288' title='bbox 1228 4351 1319 4386; x_wconf 81' lang='lat' dir='ltr'><strong>ex-</strong></span> 
     </span>
     <span class='ocr_line' id='line_1_51' title="bbox 243 4410 1322 4473; baseline 0.003 -13"><span class='ocrx_word' id='word_1_289' title='bbox 243 4410 423 4473; x_wconf 85' lang='lat' dir='ltr'><strong>emplo</strong></span> <span class='ocrx_word' id='word_1_290' title='bbox 440 4410 566 4462; x_wconf 79' lang='lat' dir='ltr'><strong>Jnv.</strong></span> <span class='ocrx_word' id='word_1_291' title='bbox 599 4410 707 4460; x_wconf 85' lang='lat' dir='ltr'><strong>Sat.</strong></span> <span class='ocrx_word' id='word_1_292' title='bbox 742 4416 793 4461; x_wconf 75' lang='grc' dir='ltr'><strong>θ.</strong></span> <span class='ocrx_word' id='word_1_293' title='bbox 829 4416 946 4463; x_wconf 76' lang='grc'><strong>486.</strong></span> <span class='ocrx_word' id='word_1_294' title='bbox 977 4412 1322 4463; x_wconf 73' lang='lat' dir='ltr'><strong>‘Profectum</strong></span> 
     </span>
     <span class='ocr_line' id='line_1_52' title="bbox 244 4487 1320 4544; baseline 0.003 -6"><span class='ocrx_word' id='word_1_295' title='bbox 244 4488 401 4539; x_wconf 84' lang='lat' dir='ltr'><strong>domo</strong></span> <span class='ocrx_word' id='word_1_296' title='bbox 420 4487 603 4540; x_wconf 83' lang='lat' dir='ltr'><strong>Sicula</strong></span> <span class='ocrx_word' id='word_1_297' title='bbox 625 4502 728 4540; x_wconf 88' lang='lat' dir='ltr'><strong>non</strong></span> <span class='ocrx_word' id='word_1_298' title='bbox 750 4489 927 4544; x_wconf 83' lang='lat' dir='ltr'><strong>mitior</strong></span> <span class='ocrx_word' id='word_1_299' title='bbox 942 4491 1069 4543; x_wconf 85' lang='lat' dir='ltr'><strong>ara.&#39;</strong></span> <span class='ocrx_word' id='word_1_300' title='bbox 1106 4491 1177 4543; x_wconf 86' lang='grc' dir='ltr'><strong>Η.</strong></span> <span class='ocrx_word' id='word_1_301' title='bbox 1196 4506 1320 4543; x_wconf 85' lang='lat' dir='ltr'><strong>vero</strong></span> 
     </span>
    </p>
   </div>
   <div class='ocr_carea' id='block_1_3' title="bbox 1384 621 2465 4553">
    <p class='ocr_par' dir='ltr' id='par_1_6' title="bbox 1384 621 2462 3858">
     <span class='ocr_line' id='line_1_53' title="bbox 1390 621 2462 687; baseline 0.012 -18"><span class='ocrx_word' id='word_1_302' title='bbox 1390 621 1724 687; x_wconf 71' lang='lat' dir='ltr'><strong>aspirationis</strong></span> <span class='ocrx_word' id='word_1_303' title='bbox 1754 625 1808 676; x_wconf 92' lang='lat' dir='ltr'><strong>in</strong></span> <span class='ocrx_word' id='word_1_304' title='bbox 1840 625 1939 678; x_wconf 76' lang='lat' dir='ltr'><strong>hoc</strong></span> <span class='ocrx_word' id='word_1_305' title='bbox 1977 628 2096 678; x_wconf 89' lang='lat' dir='ltr'><strong>loco</strong></span> <span class='ocrx_word' id='word_1_306' title='bbox 2133 627 2324 680; x_wconf 85' lang='lat' dir='ltr'><strong>nedum</strong></span> <span class='ocrx_word' id='word_1_307' title='bbox 2354 630 2462 682; x_wconf 84' lang='lat' dir='ltr'><strong>vim</strong></span> 
     </span>
     <span class='ocr_line' id='line_1_54' title="bbox 1390 699 2459 773; baseline 0.01 -25"><span class='ocrx_word' id='word_1_308' title='bbox 1390 699 1572 762; x_wconf 89' lang='lat' dir='ltr'><strong>habet,</strong></span> <span class='ocrx_word' id='word_1_309' title='bbox 1626 702 1720 752; x_wconf 85' lang='lat' dir='ltr'><strong>sed</strong></span> <span class='ocrx_word' id='word_1_310' title='bbox 1773 705 2101 756; x_wconf 84' lang='lat' dir='ltr'><strong>consonantis</strong></span> <span class='ocrx_word' id='word_1_311' title='bbox 2132 721 2146 755; x_wconf 76' lang='lat' dir='ltr'>z</span> <span class='ocrx_word' id='word_1_312' title='bbox 2203 715 2262 755; x_wconf 90' lang='lat' dir='ltr'><strong>ut</strong></span> <span class='ocrx_word' id='word_1_313' title='bbox 2315 707 2459 773; x_wconf 85' lang='lat' dir='ltr'><strong>apud</strong></span> 
     </span>
     <span class='ocr_line' id='line_1_55' title="bbox 1391 776 2459 838; baseline 0.008 -11"><span class='ocrx_word' id='word_1_314' title='bbox 1391 776 1585 828; x_wconf 81' lang='lat' dir='ltr'><strong>Horat.</strong></span> <span class='ocrx_word' id='word_1_315' title='bbox 1606 778 1712 830; x_wconf 90' lang='lat' dir='ltr'><strong>Od.</strong></span> <span class='ocrx_word' id='word_1_316' title='bbox 1747 785 1794 830; x_wconf 97' lang='grc'><strong>1.</strong></span> <span class='ocrx_word' id='word_1_317' title='bbox 1816 785 1864 830; x_wconf 83' lang='grc'><strong>2.</strong></span> <span class='ocrx_word' id='word_1_318' title='bbox 1886 785 1969 832; x_wconf 78' lang='grc'><strong>31.</strong></span> <span class='ocrx_word' id='word_1_319' title='bbox 2003 785 2018 810; x_wconf 91' lang='lat'>‘</span> <span class='ocrx_word' id='word_1_320' title='bbox 2034 783 2187 833; x_wconf 83' lang='lat' dir='ltr'><strong>Nube</strong></span> <span class='ocrx_word' id='word_1_321' title='bbox 2210 785 2459 838; x_wconf 81' lang='lat' dir='ltr'><strong>candenti</strong></span> 
     </span>
     <span class='ocr_line' id='line_1_56' title="bbox 1390 852 2461 925; baseline 0.012 -24"><span class='ocrx_word' id='word_1_322' title='bbox 1390 852 1628 904; x_wconf 78' lang='lat' dir='ltr'><strong>humeros</strong></span> <span class='ocrx_word' id='word_1_323' title='bbox 1644 855 1864 906; x_wconf 83' lang='lat' dir='ltr'><strong>amictus</strong></span> <span class='ocrx_word' id='word_1_324' title='bbox 1884 856 2066 923; x_wconf 80' lang='lat' dir='ltr'><strong>Augur</strong></span> <span class='ocrx_word' id='word_1_325' title='bbox 2078 859 2311 925; x_wconf 59' lang='lat' dir='ltr'><strong>Apollo)</strong></span> <span class='ocrx_word' id='word_1_326' title='bbox 2333 863 2461 913; x_wconf 89' lang='lat' dir='ltr'><strong>licet</strong></span> 
     </span>
     <span class='ocr_line' id='line_1_57' title="bbox 1391 932 2458 991; baseline 0.012 -14"><span class='ocrx_word' id='word_1_327' title='bbox 1391 932 1626 980; x_wconf 84' lang='lat' dir='ltr'><strong>nonnulli</strong></span> <span class='ocrx_word' id='word_1_328' title='bbox 1654 935 1898 984; x_wconf 72' lang='lat' dir='ltr'><strong>candentis</strong></span> <span class='ocrx_word' id='word_1_329' title='bbox 1932 936 2126 986; x_wconf 80' lang='lat' dir='ltr'><strong>malint.</strong></span> <span class='ocrx_word' id='word_1_330' title='bbox 2194 940 2458 991; x_wconf 79' lang='lat' dir='ltr'><strong>Quantam</strong></span> 
     </span>
     <span class='ocr_line' id='line_1_58' title="bbox 1392 1006 2458 1066; baseline 0.009 -11"><span class='ocrx_word' id='word_1_331' title='bbox 1392 1006 1496 1056; x_wconf 90' lang='lat' dir='ltr'><strong>vim</strong></span> <span class='ocrx_word' id='word_1_332' title='bbox 1519 1008 1712 1058; x_wconf 88' lang='lat' dir='ltr'><strong>babeat</strong></span> <span class='ocrx_word' id='word_1_333' title='bbox 1732 1009 1938 1061; x_wconf 82' lang='lat' dir='ltr'><strong>afflatus</strong></span> <span class='ocrx_word' id='word_1_334' title='bbox 1969 1012 2129 1064; x_wconf 89' lang='lat' dir='ltr'><strong>docet</strong></span> <span class='ocrx_word' id='word_1_335' title='bbox 2150 1013 2191 1063; x_wconf 87' lang='lat' dir='ltr'><strong>is</strong></span> <span class='ocrx_word' id='word_1_336' title='bbox 2212 1015 2458 1066; x_wconf 84' lang='lat' dir='ltr'><strong>Martini-</strong></span> 
     </span>
     <span class='ocr_line' id='line_1_59' title="bbox 1391 1085 2457 1153; baseline 0.008 -21"><span class='ocrx_word' id='word_1_337' title='bbox 1391 1085 1475 1133; x_wconf 82' lang='lat' dir='ltr'><strong>ani</strong></span> <span class='ocrx_word' id='word_1_338' title='bbox 1498 1086 1784 1138; x_wconf 73' lang='lat' dir='ltr'><strong>versiculus</strong></span> <span class='ocrx_word' id='word_1_339' title='bbox 1801 1087 1855 1136; x_wconf 92' lang='lat' dir='ltr'><strong>in</strong></span> <span class='ocrx_word' id='word_1_340' title='bbox 1877 1091 2181 1153; x_wconf 78' lang='lat' dir='ltr'><strong>geometria.</strong></span> <span class='ocrx_word' id='word_1_341' title='bbox 2229 1093 2246 1120; x_wconf 86' lang='lat'>‘</span> <span class='ocrx_word' id='word_1_342' title='bbox 2264 1094 2457 1150; x_wconf 83' lang='lat' dir='ltr'><strong>Tellus,</strong></span> 
     </span>
     <span class='ocr_line' id='line_1_60' title="bbox 1393 1163 2458 1234; baseline 0.008 -23"><span class='ocrx_word' id='word_1_343' title='bbox 1393 1177 1510 1227; x_wconf 78' lang='lat' dir='ltr'><strong>quae</strong></span> <span class='ocrx_word' id='word_1_344' title='bbox 1543 1163 1778 1227; x_wconf 87' lang='lat' dir='ltr'><strong>rapidum</strong></span> <span class='ocrx_word' id='word_1_345' title='bbox 1813 1166 2104 1217; x_wconf 82' lang='lat' dir='ltr'><strong>consistens</strong></span> <span class='ocrx_word' id='word_1_346' title='bbox 2130 1169 2351 1234; x_wconf 75' lang='lat' dir='ltr'><strong>suscipit</strong></span> <span class='ocrx_word' id='word_1_347' title='bbox 2375 1184 2458 1222; x_wconf 90' lang='lat' dir='ltr'><strong>or·</strong></span> 
     </span>
     <span class='ocr_line' id='line_1_61' title="bbox 1393 1227 2458 1303; baseline 0.008 -13"><span class='ocrx_word' id='word_1_348' title='bbox 1393 1240 1535 1303; x_wconf 77' lang='lat' dir='ltr'><strong>bem,</strong></span> <span class='ocrx_word' id='word_1_349' title='bbox 1577 1227 1771 1293; x_wconf 74' lang='lat' dir='ltr'><strong>Pu&#39;ncti</strong></span> <span class='ocrx_word' id='word_1_350' title='bbox 1816 1245 1985 1293; x_wconf 85' lang='lat' dir='ltr'><strong>instar</strong></span> <span class='ocrx_word' id='word_1_351' title='bbox 2028 1247 2199 1300; x_wconf 84' lang='lat' dir='ltr'><strong>medio</strong></span> <span class='ocrx_word' id='word_1_352' title='bbox 2234 1246 2458 1298; x_wconf 83' lang='lat' dir='ltr'><strong>haeserat</strong></span> 
     </span>
     <span class='ocr_line' id='line_1_62' title="bbox 1391 1317 2458 1389; baseline 0.01 -23"><span class='ocrx_word' id='word_1_353' title='bbox 1391 1331 1493 1367; x_wconf 84' lang='lat' dir='ltr'><strong>una</strong></span> <span class='ocrx_word' id='word_1_354' title='bbox 1523 1317 1674 1368; x_wconf 64' lang='lat' dir='ltr'><strong>loco!</strong></span> <span class='ocrx_word' id='word_1_355' title='bbox 1741 1320 1844 1370; x_wconf 84' lang='lat' dir='ltr'><strong>Hic</strong></span> <span class='ocrx_word' id='word_1_356' title='bbox 1876 1327 2048 1373; x_wconf 85' lang='lat' dir='ltr'><strong>tamen</strong></span> <span class='ocrx_word' id='word_1_357' title='bbox 2087 1325 2225 1389; x_wconf 89' lang='lat' dir='ltr'><strong>apud</strong></span> <span class='ocrx_word' id='word_1_358' title='bbox 2263 1327 2458 1376; x_wconf 86' lang='lat' dir='ltr'><strong>Lucre·</strong></span> 
     </span>
     <span class='ocr_line' id='line_1_63' title="bbox 1392 1394 2460 1457; baseline 0.01 -15"><span class='ocrx_word' id='word_1_359' title='bbox 1392 1394 1526 1443; x_wconf 91' lang='lat' dir='ltr'><strong>tium</strong></span> <span class='ocrx_word' id='word_1_360' title='bbox 1548 1401 1726 1457; x_wconf 82' lang='lat' dir='ltr'><strong>potest</strong></span> <span class='ocrx_word' id='word_1_361' title='bbox 1747 1398 2021 1448; x_wconf 78' lang='lat' dir='ltr'><strong>multarum</strong></span> <span class='ocrx_word' id='word_1_362' title='bbox 2051 1402 2302 1452; x_wconf 81' lang='lat' dir='ltr'><strong>vocalium</strong></span> <span class='ocrx_word' id='word_1_363' title='bbox 2341 1402 2460 1453; x_wconf 87' lang='lat' dir='ltr'><strong>fieri</strong></span> 
     </span>
     <span class='ocr_line' id='line_1_64' title="bbox 1392 1472 2458 1538; baseline 0.008 -18"><span class='ocrx_word' id='word_1_364' title='bbox 1392 1472 1593 1523; x_wconf 77' lang='lat' dir='ltr'><strong>collisio</strong></span> <span class='ocrx_word' id='word_1_365' title='bbox 1627 1480 1684 1523; x_wconf 90' lang='lat' dir='ltr'><strong>et</strong></span> <span class='ocrx_word' id='word_1_366' title='bbox 1700 1474 1887 1538; x_wconf 78' lang='lat' dir='ltr'><strong>pribeut</strong></span> <span class='ocrx_word' id='word_1_367' title='bbox 1921 1477 2116 1526; x_wconf 80' lang='lat' dir='ltr'><strong>servari</strong></span> <span class='ocrx_word' id='word_1_368' title='bbox 2157 1484 2216 1526; x_wconf 87' lang='lat' dir='ltr'><strong>ut</strong></span> <span class='ocrx_word' id='word_1_369' title='bbox 2250 1479 2458 1530; x_wconf 80' lang='lat' dir='ltr'><strong>extritis</strong></span> 
     </span>
     <span class='ocr_line' id='line_1_65' title="bbox 1391 1548 2459 1618; baseline 0.007 -20"><span class='ocrx_word' id='word_1_370' title='bbox 1391 1548 1595 1598; x_wconf 80' lang='lat' dir='ltr'><strong>caeteris</strong></span> <span class='ocrx_word' id='word_1_371' title='bbox 1613 1549 1665 1598; x_wconf 90' lang='lat' dir='ltr'><strong>in</strong></span> <span class='ocrx_word' id='word_1_372' title='bbox 1688 1550 1954 1600; x_wconf 72' lang='lat' dir='ltr'><strong>scansione</strong></span> <span class='ocrx_word' id='word_1_373' title='bbox 1977 1554 2290 1618; x_wconf 77' lang='lat' dir='ltr'><strong>remanenti,</strong></span> <span class='ocrx_word' id='word_1_374' title='bbox 2305 1555 2459 1617; x_wconf 79' lang='lat' dir='ltr'><strong>longa</strong></span> 
     </span>
     <span class='ocr_line' id='line_1_66' title="bbox 1392 1626 2457 1688; baseline 0.007 -14"><span class='ocrx_word' id='word_1_375' title='bbox 1392 1639 1510 1688; x_wconf 77' lang='lat' dir='ltr'><strong>quoe</strong></span> <span class='ocrx_word' id='word_1_376' title='bbox 1534 1626 1707 1675; x_wconf 86' lang='lat' dir='ltr'><strong>brevis</strong></span> <span class='ocrx_word' id='word_1_377' title='bbox 1746 1633 1876 1677; x_wconf 85' lang='lat' dir='ltr'><strong>erat.</strong></span> <span class='ocrx_word' id='word_1_378' title='bbox 1942 1629 2126 1678; x_wconf 86' lang='lat' dir='ltr'><strong>Tutius</strong></span> <span class='ocrx_word' id='word_1_379' title='bbox 2161 1635 2244 1678; x_wconf 86' lang='lat' dir='ltr'><strong>est</strong></span> <span class='ocrx_word' id='word_1_380' title='bbox 2281 1636 2457 1680; x_wconf 85' lang='lat' dir='ltr'><strong>tamen</strong></span> 
     </span>
     <span class='ocr_line' id='line_1_67' title="bbox 1390 1701 2455 1757; baseline 0.008 -8"><span class='ocrx_word' id='word_1_381' title='bbox 1390 1701 1446 1749; x_wconf 88' lang='lat' dir='ltr'><strong>in</strong></span> <span class='ocrx_word' id='word_1_382' title='bbox 1479 1702 1581 1752; x_wconf 85' lang='lat' dir='ltr'><strong>hac</strong></span> <span class='ocrx_word' id='word_1_383' title='bbox 1621 1702 1850 1752; x_wconf 83' lang='lat' dir='ltr'><strong>dictione</strong></span> <span class='ocrx_word' id='word_1_384' title='bbox 1893 1705 2176 1755; x_wconf 81' lang='lat' dir='ltr'><strong>excludere</strong></span> <span class='ocrx_word' id='word_1_385' title='bbox 2217 1708 2455 1757; x_wconf 83' lang='lat' dir='ltr'><strong>vocalem</strong></span> 
     </span>
     <span class='ocr_line' id='line_1_68' title="bbox 1390 1779 2456 1841; baseline 0.005 -15"><span class='ocrx_word' id='word_1_386' title='bbox 1390 1779 1860 1841; x_wconf 74' lang='lat' dir='ltr'><strong>antepenultimam</strong></span> <span class='ocrx_word' id='word_1_387' title='bbox 1882 1787 1938 1828; x_wconf 90' lang='lat' dir='ltr'><strong>et</strong></span> <span class='ocrx_word' id='word_1_388' title='bbox 1959 1779 2254 1831; x_wconf 84' lang='lat' dir='ltr'><strong>scandendo</strong></span> <span class='ocrx_word' id='word_1_389' title='bbox 2276 1781 2456 1832; x_wconf 80' lang='lat' dir='ltr'><strong>(licere</strong></span> 
     </span>
     <span class='ocr_line' id='line_1_69' title="bbox 1384 1850 2458 1927; baseline 0.007 -26"><span class='ocrx_word' id='word_1_390' title='bbox 1384 1850 1642 1918; x_wconf 68' lang='lat' dir='ltr'><strong>prohibat}</strong></span> <span class='ocrx_word' id='word_1_391' title='bbox 1676 1863 1734 1905; x_wconf 88' lang='lat' dir='ltr'><strong>ut</strong></span> <span class='ocrx_word' id='word_1_392' title='bbox 1767 1855 1976 1920; x_wconf 87' lang='lat' dir='ltr'><strong>deinde,</strong></span> <span class='ocrx_word' id='word_1_393' title='bbox 2003 1858 2057 1907; x_wconf 93' lang='lat' dir='ltr'><strong>in</strong></span> <span class='ocrx_word' id='word_1_394' title='bbox 2090 1859 2217 1909; x_wconf 83' lang='lat' dir='ltr'><strong>duas</strong></span> <span class='ocrx_word' id='word_1_395' title='bbox 2239 1860 2458 1927; x_wconf 76' lang='lat' dir='ltr'><strong>metien-</strong></span> 
     </span>
     <span class='ocr_line' id='line_1_70' title="bbox 1391 1930 2456 1999; baseline 0.006 -19"><span class='ocrx_word' id='word_1_396' title='bbox 1391 1930 1459 1980; x_wconf 86' lang='lat' dir='ltr'><strong>do</strong></span> <span class='ocrx_word' id='word_1_397' title='bbox 1482 1946 1692 1981; x_wconf 87' lang='lat' dir='ltr'><strong>carmen</strong></span> <span class='ocrx_word' id='word_1_398' title='bbox 1713 1932 2029 1984; x_wconf 85' lang='lat' dir='ltr'><strong>deducamus</strong></span> <span class='ocrx_word' id='word_1_399' title='bbox 2049 1936 2292 1999; x_wconf 80' lang='lat' dir='ltr'><strong>syllabas.</strong></span> <span class='ocrx_word' id='word_1_400' title='bbox 2316 1937 2456 1986; x_wconf 74' lang='lat' dir='ltr'><strong>Pius.</strong></span> 
     </span>
     <span class='ocr_line' id='line_1_71' title="bbox 1390 2008 2454 2077; baseline 0.007 -19"><span class='ocrx_word' id='word_1_401' title='bbox 1390 2008 1669 2060; x_wconf 69' lang='lat' dir='ltr'><strong>Prohibent.</strong></span> <span class='ocrx_word' id='word_1_402' title='bbox 1700 2009 1988 2072; x_wconf 75' lang='lat' dir='ltr'><strong>Synaeresis</strong></span> <span class='ocrx_word' id='word_1_403' title='bbox 2018 2026 2133 2061; x_wconf 82' lang='lat' dir='ltr'><strong>esse</strong></span> <span class='ocrx_word' id='word_1_404' title='bbox 2170 2018 2368 2077; x_wconf 88' lang='lat' dir='ltr'><strong>potest,</strong></span> <span class='ocrx_word' id='word_1_405' title='bbox 2393 2023 2454 2065; x_wconf 77' lang='lat' dir='ltr'><strong>ut</strong></span> 
     </span>
     <span class='ocr_line' id='line_1_72' title="bbox 1389 2086 2454 2154; baseline 0.004 -18"><span class='ocrx_word' id='word_1_406' title='bbox 1389 2086 1458 2136; x_wconf 84' lang='lat' dir='ltr'><strong>sit</strong></span> <span class='ocrx_word' id='word_1_407' title='bbox 1513 2087 1861 2152; x_wconf 78' lang='lat' dir='ltr'><strong>trisyllabum.</strong></span> <span class='ocrx_word' id='word_1_408' title='bbox 1916 2097 1976 2139; x_wconf 89' lang='lat' dir='ltr'><strong>ut</strong></span> <span class='ocrx_word' id='word_1_409' title='bbox 2029 2090 2081 2139; x_wconf 90' lang='lat' dir='ltr'><strong>in</strong></span> <span class='ocrx_word' id='word_1_410' title='bbox 2138 2092 2154 2119; x_wconf 81' lang='lat'>⁴</span> <span class='ocrx_word' id='word_1_411' title='bbox 2179 2089 2454 2154; x_wconf 84' lang='lat' dir='ltr'><strong>proilium‚&#39;</strong></span> 
     </span>
     <span class='ocr_line' id='line_1_73' title="bbox 1390 2164 2457 2230; baseline 0.007 -19"><span class='ocrx_word' id='word_1_412' title='bbox 1390 2165 1407 2192; x_wconf 79' lang='lat'><em>⁴</em></span> <span class='ocrx_word' id='word_1_413' title='bbox 1424 2164 1713 2228; x_wconf 62' lang='lat' dir='ltr'><strong>proelium:</strong></span> <span class='ocrx_word' id='word_1_414' title='bbox 1731 2174 1787 2215; x_wconf 87' lang='lat' dir='ltr'><strong>et</strong></span> <span class='ocrx_word' id='word_1_415' title='bbox 1804 2167 2018 2217; x_wconf 84' lang='lat' dir='ltr'><strong>Festus‘</strong></span> <span class='ocrx_word' id='word_1_416' title='bbox 2038 2167 2329 2230; x_wconf 89' lang='lat' dir='ltr'><strong>proibiam.&#39;</strong></span> <span class='ocrx_word' id='word_1_417' title='bbox 2350 2169 2457 2228; x_wconf 70' lang='lat' dir='ltr'><strong>Gis.</strong></span> 
     </span>
     <span class='ocr_line' id='line_1_74' title="bbox 1395 2241 2455 2310; baseline 0.005 -19"><span class='ocrx_word' id='word_1_418' title='bbox 1395 2241 1532 2298; x_wconf 70' lang='lat' dir='ltr'><strong>Quod</strong></span> <span class='ocrx_word' id='word_1_419' title='bbox 1570 2243 1840 2306; x_wconf 73' lang='lat' dir='ltr'><strong>prohibeat,</strong></span> <span class='ocrx_word' id='word_1_420' title='bbox 1877 2245 2157 2310; x_wconf 60' lang='lat' dir='ltr'><strong>officiaque,</strong></span> <span class='ocrx_word' id='word_1_421' title='bbox 2200 2248 2282 2309; x_wconf 72' lang='lat' dir='ltr'><strong>oisc.</strong></span> <span class='ocrx_word' id='word_1_422' title='bbox 2365 2246 2455 2297; x_wconf 78' lang='lat' dir='ltr'><strong>sie</strong></span> 
     </span>
     <span class='ocr_line' id='line_1_75' title="bbox 1386 2320 2458 2389; baseline 0.005 -19"><span class='ocrx_word' id='word_1_423' title='bbox 1386 2320 1947 2386; x_wconf 72' lang='lat' dir='ltr'><strong>legendum.pr01u·beat</strong></span> <span class='ocrx_word' id='word_1_424' title='bbox 1965 2330 2136 2374; x_wconf 81' lang='lat' dir='ltr'><strong>autem</strong></span> <span class='ocrx_word' id='word_1_425' title='bbox 2160 2325 2458 2389; x_wconf 83' lang='lat' dir='ltr'><strong>proceleus-</strong></span> 
     </span>
     <span class='ocr_line' id='line_1_76' title="bbox 1392 2398 2458 2465; baseline 0.006 -18"><span class='ocrx_word' id='word_1_426' title='bbox 1392 2398 1612 2449; x_wconf 82' lang='lat' dir='ltr'><strong>maticus</strong></span> <span class='ocrx_word' id='word_1_427' title='bbox 1636 2404 1737 2463; x_wconf 81' lang='lat' dir='ltr'><strong>est,</strong></span> <span class='ocrx_word' id='word_1_428' title='bbox 1777 2407 1853 2465; x_wconf 84' lang='lat' dir='ltr'><strong>ut,</strong></span> <span class='ocrx_word' id='word_1_429' title='bbox 1889 2402 1905 2429; x_wconf 79' lang='lat'>⁴</span> <span class='ocrx_word' id='word_1_430' title='bbox 1925 2400 2110 2451; x_wconf 85' lang='lat' dir='ltr'><strong>Genua</strong></span> <span class='ocrx_word' id='word_1_431' title='bbox 2142 2402 2321 2453; x_wconf 85' lang='lat' dir='ltr'><strong>labent</strong></span> <span class='ocrx_word' id='word_1_432' title='bbox 2341 2402 2376 2453; x_wconf 87' lang='lat'><strong>:’</strong></span> <span class='ocrx_word' id='word_1_433' title='bbox 2401 2411 2458 2453; x_wconf 90' lang='lat' dir='ltr'><strong>et</strong></span> 
     </span>
     <span class='ocr_line' id='line_1_77' title="bbox 1390 2475 2457 2542; baseline 0.007 -17"><span class='ocrx_word' id='word_1_434' title='bbox 1390 2475 1533 2540; x_wconf 89' lang='lat' dir='ltr'><strong>alibi,</strong></span> <span class='ocrx_word' id='word_1_435' title='bbox 1552 2477 1568 2506; x_wconf 78' lang='lat'><strong>⁴</strong></span> <span class='ocrx_word' id='word_1_436' title='bbox 1588 2475 1801 2527; x_wconf 88' lang='lat' dir='ltr'><strong>Arietat</strong></span> <span class='ocrx_word' id='word_1_437' title='bbox 1816 2479 1866 2526; x_wconf 88' lang='lat' dir='ltr'><strong>iu</strong></span> <span class='ocrx_word' id='word_1_438' title='bbox 1882 2478 2094 2542; x_wconf 60' lang='lat' dir='ltr'><strong>portas)</strong></span> <span class='ocrx_word' id='word_1_439' title='bbox 2128 2479 2276 2531; x_wconf 83' lang='lat' dir='ltr'><strong>Licet</strong></span> <span class='ocrx_word' id='word_1_440' title='bbox 2295 2481 2457 2533; x_wconf 86' lang='lat' dir='ltr'><strong>etiam</strong></span> 
     </span>
     <span class='ocr_line' id='line_1_78' title="bbox 1392 2554 2459 2621; baseline 0.006 -19"><span class='ocrx_word' id='word_1_441' title='bbox 1392 2555 1590 2618; x_wconf 78' lang='lat' dir='ltr'><strong>legere,</strong></span> <span class='ocrx_word' id='word_1_442' title='bbox 1621 2554 1855 2618; x_wconf 80' lang='lat' dir='ltr'><strong>proibeat,</strong></span> <span class='ocrx_word' id='word_1_443' title='bbox 1892 2571 1980 2605; x_wconf 81' lang='lat' dir='ltr'><strong>scu</strong></span> <span class='ocrx_word' id='word_1_444' title='bbox 2013 2557 2237 2620; x_wconf 74' lang='lat' dir='ltr'><strong>proebeat,</strong></span> <span class='ocrx_word' id='word_1_445' title='bbox 2268 2566 2459 2621; x_wconf 81' lang='grc' dir='ltr'>τρισυλ-</span> 
     </span>
     <span class='ocr_line' id='line_1_79' title="bbox 1391 2630 2455 2697; baseline 0.006 -18"><span class='ocrx_word' id='word_1_446' title='bbox 1391 2630 1570 2688; x_wconf 75' lang='grc' dir='ltr'><strong>λάβως.</strong></span> <span class='ocrx_word' id='word_1_447' title='bbox 1599 2632 1772 2697; x_wconf 72' lang='lat' dir='ltr'><strong>officiat</strong></span> <span class='ocrx_word' id='word_1_448' title='bbox 1787 2632 1820 2683; x_wconf 90' lang='lat' dir='ltr'><strong>i.</strong></span> <span class='ocrx_word' id='word_1_449' title='bbox 1843 2647 1889 2683; x_wconf 90' lang='lat' dir='ltr'><strong>e.</strong></span> <span class='ocrx_word' id='word_1_450' title='bbox 1907 2632 2099 2683; x_wconf 84' lang='lat' dir='ltr'><strong>obstet.</strong></span> <span class='ocrx_word' id='word_1_451' title='bbox 2130 2633 2295 2684; x_wconf 77' lang='lat' dir='ltr'><strong>Lumb-</strong></span> <span class='ocrx_word' id='word_1_452' title='bbox 2329 2635 2455 2685; x_wconf 81' lang='lat' dir='ltr'><strong>Pro-</strong></span> 
     </span>
     <span class='ocr_line' id='line_1_80' title="bbox 1390 2709 2456 2777; baseline 0.005 -18"><span class='ocrx_word' id='word_1_453' title='bbox 1390 2709 1568 2759; x_wconf 67' lang='lat' dir='ltr'><strong>hibent.</strong></span> <span class='ocrx_word' id='word_1_454' title='bbox 1602 2709 1945 2773; x_wconf 83' lang='lat' dir='ltr'><strong>Trisyllabum</strong></span> <span class='ocrx_word' id='word_1_455' title='bbox 1966 2727 1981 2774; x_wconf 91' lang='lat'>;</span> <span class='ocrx_word' id='word_1_456' title='bbox 2001 2711 2137 2776; x_wconf 87' lang='lat' dir='ltr'><strong>quod</strong></span> <span class='ocrx_word' id='word_1_457' title='bbox 2163 2726 2264 2762; x_wconf 91' lang='lat' dir='ltr'><strong>non</strong></span> <span class='ocrx_word' id='word_1_458' title='bbox 2289 2714 2456 2777; x_wconf 79' lang='lat' dir='ltr'><strong>magis</strong></span> 
     </span>
     <span class='ocr_line' id='line_1_81' title="bbox 1392 2787 2456 2855; baseline 0.003 -19"><span class='ocrx_word' id='word_1_459' title='bbox 1392 2787 1630 2837; x_wconf 85' lang='lat' dir='ltr'><strong>mirabile</strong></span> <span class='ocrx_word' id='word_1_460' title='bbox 1661 2788 1840 2837; x_wconf 81' lang='lat' dir='ltr'><strong>baberi</strong></span> <span class='ocrx_word' id='word_1_461' title='bbox 1881 2788 2060 2852; x_wconf 84' lang='lat' dir='ltr'><strong>debet,</strong></span> <span class='ocrx_word' id='word_1_462' title='bbox 2098 2803 2250 2855; x_wconf 87' lang='lat' dir='ltr'><strong>quam</strong></span> <span class='ocrx_word' id='word_1_463' title='bbox 2286 2790 2303 2816; x_wconf 87' lang='lat'>‘</span> <span class='ocrx_word' id='word_1_464' title='bbox 2324 2805 2456 2854; x_wconf 74' lang='lat' dir='ltr'><strong>proe·</strong></span> 
     </span>
     <span class='ocr_line' id='line_1_82' title="bbox 1396 2863 2460 2932; baseline 0.002 -18"><span class='ocrx_word' id='word_1_465' title='bbox 1396 2863 1525 2915; x_wconf 88' lang='lat' dir='ltr'><strong>bet&#39;</strong></span> <span class='ocrx_word' id='word_1_466' title='bbox 1564 2878 1592 2913; x_wconf 86' lang='lat' dir='ltr'><strong>a</strong></span> <span class='ocrx_word' id='word_1_467' title='bbox 1638 2863 1913 2928; x_wconf 73' lang='lat' dir='ltr'><strong>praebibet,</strong></span> <span class='ocrx_word' id='word_1_468' title='bbox 1958 2879 2060 2932; x_wconf 86' lang='lat' dir='ltr'><strong>quo</strong></span> <span class='ocrx_word' id='word_1_469' title='bbox 2101 2881 2246 2930; x_wconf 82' lang='lat' dir='ltr'><strong>saepe</strong></span> <span class='ocrx_word' id='word_1_470' title='bbox 2292 2867 2460 2916; x_wconf 86' lang='lat' dir='ltr'><strong>utitur</strong></span> 
     </span>
     <span class='ocr_line' id='line_1_83' title="bbox 1394 2941 2457 2995; baseline 0.004 -4"><span class='ocrx_word' id='word_1_471' title='bbox 1394 2941 1635 2991; x_wconf 83' lang='lat' dir='ltr'><strong>Plautus.</strong></span> <span class='ocrx_word' id='word_1_472' title='bbox 1671 2941 1791 2991; x_wconf 76' lang='lat' dir='ltr'><strong>Fab.</strong></span> <span class='ocrx_word' id='word_1_473' title='bbox 1857 2942 2131 2995; x_wconf 67' lang='lat' dir='ltr'><strong>Prohibent.</strong></span> <span class='ocrx_word' id='word_1_474' title='bbox 2186 2943 2457 2995; x_wconf 83' lang='lat' dir='ltr'><strong>Turnebus</strong></span> 
     </span>
     <span class='ocr_line' id='line_1_84' title="bbox 1393 3019 2459 3088; baseline 0.004 -20"><span class='ocrx_word' id='word_1_475' title='bbox 1393 3033 1460 3068; x_wconf 84' lang='lat' dir='ltr'><strong>ex</strong></span> <span class='ocrx_word' id='word_1_476' title='bbox 1484 3020 1614 3070; x_wconf 70' lang='lat' dir='ltr'><strong>Mas.</strong></span> <span class='ocrx_word' id='word_1_477' title='bbox 1643 3019 1772 3081; x_wconf 75' lang='lat' dir='ltr'><strong>legit</strong></span> <span class='ocrx_word' id='word_1_478' title='bbox 1799 3019 1995 3084; x_wconf 77' lang='lat' dir='ltr'><strong>probeat</strong></span> <span class='ocrx_word' id='word_1_479' title='bbox 2028 3036 2124 3085; x_wconf 91' lang='lat' dir='ltr'><strong>per</strong></span> <span class='ocrx_word' id='word_1_480' title='bbox 2157 3022 2327 3072; x_wconf 86' lang='lat' dir='ltr'><strong>crasin</strong></span> <span class='ocrx_word' id='word_1_481' title='bbox 2362 3037 2459 3088; x_wconf 88' lang='lat' dir='ltr'><strong>pro</strong></span> 
     </span>
     <span class='ocr_line' id='line_1_85' title="bbox 1393 3095 2460 3161; baseline 0.005 -16"><span class='ocrx_word' id='word_1_482' title='bbox 1393 3096 1688 3161; x_wconf 74' lang='lat' dir='ltr'><strong>prohibeat,</strong></span> <span class='ocrx_word' id='word_1_483' title='bbox 1710 3095 1848 3148; x_wconf 81' lang='lat' dir='ltr'><strong>Adv.</strong></span> <span class='ocrx_word' id='word_1_484' title='bbox 1867 3102 1944 3148; x_wconf 79' lang='lat'><strong>19.</strong></span> <span class='ocrx_word' id='word_1_485' title='bbox 1969 3103 2048 3148; x_wconf 80' lang='lat'><strong>15.</strong></span> <span class='ocrx_word' id='word_1_486' title='bbox 2116 3099 2217 3148; x_wconf 83' lang='lat' dir='ltr'><strong>Sed</strong></span> <span class='ocrx_word' id='word_1_487' title='bbox 2254 3114 2354 3150; x_wconf 87' lang='lat' dir='ltr'><strong>nou</strong></span> <span class='ocrx_word' id='word_1_488' title='bbox 2377 3107 2460 3150; x_wconf 85' lang='lat' dir='ltr'><strong>est</strong></span> 
     </span>
     <span class='ocr_line' id='line_1_86' title="bbox 1395 3172 2458 3236; baseline 0.007 -15"><span class='ocrx_word' id='word_1_489' title='bbox 1395 3186 1543 3236; x_wconf 81' lang='lat' dir='ltr'><strong>opus.</strong></span> <span class='ocrx_word' id='word_1_490' title='bbox 1599 3172 1776 3223; x_wconf 86' lang='lat' dir='ltr'><strong>Lamb.</strong></span> <span class='ocrx_word' id='word_1_491' title='bbox 1824 3180 1881 3223; x_wconf 85' lang='lat' dir='ltr'><strong>et</strong></span> <span class='ocrx_word' id='word_1_492' title='bbox 1922 3173 2193 3225; x_wconf 82' lang='lat' dir='ltr'><strong>Gifaninui</strong></span> <span class='ocrx_word' id='word_1_493' title='bbox 2243 3186 2458 3228; x_wconf 87' lang='lat' dir='ltr'><strong>secutus</strong></span> 
     </span>
     <span class='ocr_line' id='line_1_87' title="bbox 1394 3249 2459 3317; baseline 0.008 -20"><span class='ocrx_word' id='word_1_494' title='bbox 1394 3249 1518 3299; x_wconf 86' lang='lat' dir='ltr'><strong>Bas.</strong></span> <span class='ocrx_word' id='word_1_495' title='bbox 1535 3250 1812 3312; x_wconf 62' lang='lat' dir='ltr'><strong>prohibeat.-</strong></span> <span class='ocrx_word' id='word_1_496' title='bbox 1833 3249 2101 3314; x_wconf 74' lang='lat' dir='ltr'><strong>suciutque.</strong></span> <span class='ocrx_word' id='word_1_497' title='bbox 2125 3259 2182 3301; x_wconf 91' lang='lat' dir='ltr'><strong>et</strong></span> <span class='ocrx_word' id='word_1_498' title='bbox 2213 3252 2269 3303; x_wconf 90' lang='lat' dir='ltr'><strong>in</strong></span> <span class='ocrx_word' id='word_1_499' title='bbox 2293 3269 2459 3317; x_wconf 84' lang='lat' dir='ltr'><strong>marg.</strong></span> 
     </span>
     <span class='ocr_line' id='line_1_88' title="bbox 1393 3327 2458 3397; baseline 0.005 -22"><span class='ocrx_word' id='word_1_500' title='bbox 1393 3327 1674 3393; x_wconf 74' lang='lat' dir='ltr'><strong>efficiatque.</strong></span> <span class='ocrx_word' id='word_1_501' title='bbox 1713 3328 1850 3377; x_wconf 83' lang='lat' dir='ltr'><strong>Hav.</strong></span> <span class='ocrx_word' id='word_1_502' title='bbox 1920 3329 2060 3384; x_wconf 74' lang='lat' dir='ltr'><strong>Quod</strong></span> <span class='ocrx_word' id='word_1_503' title='bbox 2087 3329 2336 3393; x_wconf 71' lang='lat' dir='ltr'><strong>prohibeat</strong></span> <span class='ocrx_word' id='word_1_504' title='bbox 2358 3333 2458 3397; x_wconf 66' lang='lat' dir='ltr'><strong>‘ff‘</strong></span> 
     </span>
     <span class='ocr_line' id='line_1_89' title="bbox 1392 3404 2461 3472; baseline 0.005 -18"><span class='ocrx_word' id='word_1_505' title='bbox 1392 3407 1595 3469; x_wconf 77' lang='lat' dir='ltr'><strong>ciatque.</strong></span> <span class='ocrx_word' id='word_1_506' title='bbox 1637 3405 1869 3455; x_wconf 80' lang='lat' dir='ltr'><strong>Tui-neb.</strong></span> <span class='ocrx_word' id='word_1_507' title='bbox 1912 3404 2052 3456; x_wconf 89' lang='lat' dir='ltr'><strong>Adv.</strong></span> <span class='ocrx_word' id='word_1_508' title='bbox 2099 3411 2179 3457; x_wconf 79' lang='lat'><strong>19.</strong></span> <span class='ocrx_word' id='word_1_509' title='bbox 2223 3412 2303 3458; x_wconf 83' lang='lat'><strong>15.</strong></span> <span class='ocrx_word' id='word_1_510' title='bbox 2337 3412 2461 3472; x_wconf 74' lang='lat' dir='ltr'><strong>quod</strong></span> 
     </span>
     <span class='ocr_line' id='line_1_90' title="bbox 1392 3483 2459 3548; baseline 0.001 -15"><span class='ocrx_word' id='word_1_511' title='bbox 1392 3484 1603 3548; x_wconf 71' lang='lat' dir='ltr'><strong>probeat.</strong></span> <span class='ocrx_word' id='word_1_512' title='bbox 1622 3490 1677 3533; x_wconf 91' lang='lat' dir='ltr'><strong>et</strong></span> <span class='ocrx_word' id='word_1_513' title='bbox 1694 3483 1710 3511; x_wconf 87' lang='lat'>‘</span> <span class='ocrx_word' id='word_1_514' title='bbox 1728 3483 1980 3548; x_wconf 87' lang='lat' dir='ltr'><strong>probeat,’</strong></span> <span class='ocrx_word' id='word_1_515' title='bbox 2002 3484 2189 3548; x_wconf 85' lang='lat' dir='ltr'><strong>inquit,</strong></span> <span class='ocrx_word' id='word_1_516' title='bbox 2207 3485 2315 3535; x_wconf 86' lang='lat' dir='ltr'><strong>‘bic</strong></span> <span class='ocrx_word' id='word_1_517' title='bbox 2340 3499 2459 3548; x_wconf 81' lang='lat' dir='ltr'><strong>pro-</strong></span> 
     </span>
     <span class='ocr_line' id='line_1_91' title="bbox 1391 3559 2458 3612; baseline 0.001 -1"><span class='ocrx_word' id='word_1_518' title='bbox 1391 3562 1572 3611; x_wconf 88' lang='lat' dir='ltr'><strong>bibeat</strong></span> <span class='ocrx_word' id='word_1_519' title='bbox 1588 3559 1826 3611; x_wconf 83' lang='lat' dir='ltr'><strong>conflatis</strong></span> <span class='ocrx_word' id='word_1_520' title='bbox 1839 3561 1892 3610; x_wconf 92' lang='lat' dir='ltr'><strong>in</strong></span> <span class='ocrx_word' id='word_1_521' title='bbox 1909 3575 2062 3610; x_wconf 86' lang='lat' dir='ltr'><strong>unum</strong></span> <span class='ocrx_word' id='word_1_522' title='bbox 2080 3561 2269 3611; x_wconf 84' lang='lat' dir='ltr'><strong>litteris</strong></span> <span class='ocrx_word' id='word_1_523' title='bbox 2284 3560 2458 3612; x_wconf 84' lang='lat' dir='ltr'><strong>valet.&#39;</strong></span> 
     </span>
     <span class='ocr_line' id='line_1_92' title="bbox 1392 3637 2458 3704; baseline -0.002 -15"><span class='ocrx_word' id='word_1_524' title='bbox 1392 3638 1566 3699; x_wconf 74' lang='lat' dir='ltr'><strong>Preig.</strong></span> <span class='ocrx_word' id='word_1_525' title='bbox 1651 3637 1950 3704; x_wconf 73' lang='lat' dir='ltr'><strong>Officiatqae.</strong></span> <span class='ocrx_word' id='word_1_526' title='bbox 2012 3638 2294 3704; x_wconf 72' lang='lat' dir='ltr'><strong>Efficiatque</strong></span> <span class='ocrx_word' id='word_1_527' title='bbox 2349 3644 2458 3687; x_wconf 86' lang='lat' dir='ltr'><strong>vet.</strong></span> 
     </span>
     <span class='ocr_line' id='line_1_93' title="bbox 1392 3714 2460 3782; baseline 0 -18"><span class='ocrx_word' id='word_1_528' title='bbox 1392 3715 1600 3782; x_wconf 82' lang='lat' dir='ltr'><strong>quidam</strong></span> <span class='ocrx_word' id='word_1_529' title='bbox 1620 3732 1636 3778; x_wconf 74' lang='grc' dir='ltr'>ς</span> <span class='ocrx_word' id='word_1_530' title='bbox 1658 3716 1811 3777; x_wconf 88' lang='lat' dir='ltr'><strong>male,</strong></span> <span class='ocrx_word' id='word_1_531' title='bbox 1834 3722 1894 3764; x_wconf 90' lang='lat' dir='ltr'><strong>ut</strong></span> <span class='ocrx_word' id='word_1_532' title='bbox 1920 3722 2065 3779; x_wconf 88' lang='lat' dir='ltr'><strong>puto.</strong></span> <span class='ocrx_word' id='word_1_533' title='bbox 2105 3714 2318 3779; x_wconf 69' lang='lat' dir='ltr'><strong>vulgati</strong></span> <span class='ocrx_word' id='word_1_534' title='bbox 2338 3732 2353 3766; x_wconf 71' lang='grc' dir='ltr'><strong><em>ε</em></strong></span> <span class='ocrx_word' id='word_1_535' title='bbox 2374 3716 2460 3775; x_wconf 81' lang='lat' dir='ltr'><strong>su·</strong></span> 
     </span>
     <span class='ocr_line' id='line_1_94' title="bbox 1391 3793 2016 3858; baseline -0.003 -14"><span class='ocrx_word' id='word_1_536' title='bbox 1391 3795 1610 3858; x_wconf 74' lang='lat' dir='ltr'><strong>ciutqae5</strong></span> <span class='ocrx_word' id='word_1_537' title='bbox 1632 3793 1870 3858; x_wconf 82' lang='lat' dir='ltr'><strong>pessime.</strong></span> <span class='ocrx_word' id='word_1_538' title='bbox 1909 3794 2016 3855; x_wconf 76' lang='lat' dir='ltr'><strong>Gis.</strong></span> 
     </span>
    </p>

    <p class='ocr_par' dir='ltr' id='par_1_7' title="bbox 1395 3870 2465 4553">
     <span class='ocr_line' id='line_1_95' title="bbox 1457 3870 2462 3937; baseline 0.001 -16"><span class='ocrx_word' id='word_1_539' title='bbox 1457 3876 1558 3921; x_wconf 80' lang='grc'><strong>979</strong></span> <span class='ocrx_word' id='word_1_540' title='bbox 1594 3872 1707 3921; x_wconf 76' lang='lat' dir='ltr'><strong>Non</strong></span> <span class='ocrx_word' id='word_1_541' title='bbox 1746 3877 1819 3921; x_wconf 80' lang='lat' dir='ltr'><strong>est</strong></span> <span class='ocrx_word' id='word_1_542' title='bbox 1861 3887 1916 3922; x_wconf 79' lang='lat' dir='ltr'><strong>eu</strong></span> <span class='ocrx_word' id='word_1_543' title='bbox 1946 3872 2074 3937; x_wconf 74' lang='lat' dir='ltr'><strong>fiais</strong></span> <span class='ocrx_word' id='word_1_544' title='bbox 2106 3870 2343 3937; x_wconf 67' lang='lat' dir='ltr'><strong>profecto]</strong></span> <span class='ocrx_word' id='word_1_545' title='bbox 2373 3872 2462 3933; x_wconf 77' lang='lat' dir='ltr'><strong>Sic</strong></span> 
     </span>
     <span class='ocr_line' id='line_1_96' title="bbox 1395 3947 2463 4014; baseline 0.002 -16"><span class='ocrx_word' id='word_1_546' title='bbox 1395 3949 1620 4014; x_wconf 80' lang='lat' dir='ltr'><strong>restitui,</strong></span> <span class='ocrx_word' id='word_1_547' title='bbox 1639 3951 1726 4003; x_wconf 83' lang='lat' dir='ltr'><strong>Jo.</strong></span> <span class='ocrx_word' id='word_1_548' title='bbox 1754 3947 1949 3999; x_wconf 83' lang='lat' dir='ltr'><strong>Aurato</strong></span> <span class='ocrx_word' id='word_1_549' title='bbox 1987 3950 2360 4013; x_wconf 75' lang='lat' dir='ltr'><strong>approbatos-e,</strong></span> <span class='ocrx_word' id='word_1_550' title='bbox 2384 3957 2463 4000; x_wconf 86' lang='lat' dir='ltr'><strong>at·</strong></span> 
     </span>
     <span class='ocr_line' id='line_1_97' title="bbox 1395 4027 2460 4091; baseline 0.003 -16"><span class='ocrx_word' id='word_1_551' title='bbox 1395 4041 1497 4091; x_wconf 88' lang='lat' dir='ltr'><strong>que</strong></span> <span class='ocrx_word' id='word_1_552' title='bbox 1535 4027 1668 4077; x_wconf 82' lang='lat' dir='ltr'><strong>adeo</strong></span> <span class='ocrx_word' id='word_1_553' title='bbox 1704 4034 1939 4077; x_wconf 79' lang='lat' dir='ltr'><strong>auctore.</strong></span> <span class='ocrx_word' id='word_1_554' title='bbox 1985 4028 2246 4077; x_wconf 83' lang='lat' dir='ltr'><strong>sententia</strong></span> <span class='ocrx_word' id='word_1_555' title='bbox 2285 4035 2460 4078; x_wconf 74' lang='lat' dir='ltr'><strong>auten</strong></span> 
     </span>
     <span class='ocr_line' id='line_1_98' title="bbox 1396 4104 2463 4169; baseline 0.002 -16"><span class='ocrx_word' id='word_1_556' title='bbox 1396 4105 1672 4169; x_wconf 84' lang='lat' dir='ltr'><strong>perspicua</strong></span> <span class='ocrx_word' id='word_1_557' title='bbox 1713 4112 1810 4155; x_wconf 81' lang='lat' dir='ltr'><strong>est.</strong></span> <span class='ocrx_word' id='word_1_558' title='bbox 1876 4104 1996 4154; x_wconf 81' lang='lat' dir='ltr'><strong>Sive</strong></span> <span class='ocrx_word' id='word_1_559' title='bbox 2039 4104 2254 4169; x_wconf 85' lang='lat' dir='ltr'><strong>(inquit)</strong></span> <span class='ocrx_word' id='word_1_560' title='bbox 2288 4105 2463 4155; x_wconf 75' lang='lat' dir='ltr'><strong>obstat</strong></span> 
     </span>
     <span class='ocr_line' id='line_1_99' title="bbox 1395 4181 2457 4247; baseline -0.001 -16"><span class='ocrx_word' id='word_1_561' title='bbox 1395 4182 1595 4247; x_wconf 76' lang='lat' dir='ltr'><strong>aliquid</strong></span> <span class='ocrx_word' id='word_1_562' title='bbox 1622 4183 1748 4246; x_wconf 86' lang='lat' dir='ltr'><strong>telo,</strong></span> <span class='ocrx_word' id='word_1_563' title='bbox 1771 4196 1873 4247; x_wconf 88' lang='lat' dir='ltr'><strong>quo</strong></span> <span class='ocrx_word' id='word_1_564' title='bbox 1895 4181 2062 4230; x_wconf 88' lang='lat' dir='ltr'><strong>minus</strong></span> <span class='ocrx_word' id='word_1_565' title='bbox 2102 4195 2187 4242; x_wconf 85' lang='lat' dir='ltr'><strong>eo,</strong></span> <span class='ocrx_word' id='word_1_566' title='bbox 2212 4196 2313 4245; x_wconf 84' lang='lat' dir='ltr'><strong>quo</strong></span> <span class='ocrx_word' id='word_1_567' title='bbox 2335 4183 2457 4231; x_wconf 81' lang='lat' dir='ltr'><strong>mis·-</strong></span> 
     </span>
     <span class='ocr_line' id='line_1_100' title="bbox 1398 4255 2462 4323; baseline -0.004 -14"><span class='ocrx_word' id='word_1_568' title='bbox 1398 4274 1508 4309; x_wconf 85' lang='lat' dir='ltr'><strong>sum</strong></span> <span class='ocrx_word' id='word_1_569' title='bbox 1555 4266 1655 4323; x_wconf 84' lang='lat' dir='ltr'><strong>est,</strong></span> <span class='ocrx_word' id='word_1_570' title='bbox 1701 4259 1994 4323; x_wconf 78' lang='lat' dir='ltr'><strong>perveniat,</strong></span> <span class='ocrx_word' id='word_1_571' title='bbox 2050 4271 2239 4320; x_wconf 88' lang='lat' dir='ltr'><strong>nempe</strong></span> <span class='ocrx_word' id='word_1_572' title='bbox 2291 4257 2356 4306; x_wconf 84' lang='lat' dir='ltr'><strong>ad</strong></span> <span class='ocrx_word' id='word_1_573' title='bbox 2402 4255 2462 4305; x_wconf 79' lang='lat' dir='ltr'><strong>fi-</strong></span> 
     </span>
     <span class='ocr_line' id='line_1_101' title="bbox 1398 4331 2465 4398; baseline -0.004 -12"><span class='ocrx_word' id='word_1_574' title='bbox 1398 4352 1521 4387; x_wconf 84' lang='lat' dir='ltr'><strong>nem</strong></span> <span class='ocrx_word' id='word_1_575' title='bbox 1543 4353 1557 4398; x_wconf 87' lang='lat'>;</span> <span class='ocrx_word' id='word_1_576' title='bbox 1580 4338 1688 4386; x_wconf 80' lang='lat' dir='ltr'><strong>sive</strong></span> <span class='ocrx_word' id='word_1_577' title='bbox 1708 4335 1849 4386; x_wconf 87' lang='lat' dir='ltr'><strong>foras</strong></span> <span class='ocrx_word' id='word_1_578' title='bbox 1872 4332 2073 4384; x_wconf 85' lang='lat' dir='ltr'><strong>fertur:</strong></span> <span class='ocrx_word' id='word_1_579' title='bbox 2101 4331 2340 4395; x_wconf 81' lang='lat' dir='ltr'><strong>profecto</strong></span> <span class='ocrx_word' id='word_1_580' title='bbox 2362 4347 2465 4382; x_wconf 88' lang='lat' dir='ltr'><strong>non</strong></span> 
     </span>
     <span class='ocr_line' id='line_1_102' title="bbox 1398 4408 2464 4477; baseline -0.006 -14"><span class='ocrx_word' id='word_1_581' title='bbox 1398 4422 1517 4464; x_wconf 89' lang='lat' dir='ltr'><strong>erat</strong></span> <span class='ocrx_word' id='word_1_582' title='bbox 1560 4414 1604 4462; x_wconf 86' lang='lat' dir='ltr'><strong>is</strong></span> <span class='ocrx_word' id='word_1_583' title='bbox 1645 4412 1784 4477; x_wconf 84' lang='lat' dir='ltr'><strong>finis,</strong></span> <span class='ocrx_word' id='word_1_584' title='bbox 1832 4426 1983 4476; x_wconf 85' lang='lat' dir='ltr'><strong>quem</strong></span> <span class='ocrx_word' id='word_1_585' title='bbox 2029 4423 2142 4458; x_wconf 85' lang='lat' dir='ltr'><strong>csse</strong></span> <span class='ocrx_word' id='word_1_586' title='bbox 2195 4408 2464 4472; x_wconf 67' lang='lat' dir='ltr'><strong>posueras.</strong></span> 
     </span>
     <span class='ocr_line' id='line_1_103' title="bbox 1400 4486 2460 4553; baseline -0.008 -10"><span class='ocrx_word' id='word_1_587' title='bbox 1400 4491 1448 4543; x_wconf 83' lang='lat' dir='ltr'>N</span> <span class='ocrx_word' id='word_1_588' title='bbox 1456 4504 1537 4545; x_wconf 82' lang='lat' dir='ltr'><strong>am</strong></span> <span class='ocrx_word' id='word_1_589' title='bbox 1562 4489 1606 4540; x_wconf 83' lang='lat' dir='ltr'><strong>si</strong></span> <span class='ocrx_word' id='word_1_590' title='bbox 1634 4488 1758 4553; x_wconf 88' lang='lat' dir='ltr'><strong>qnid</strong></span> <span class='ocrx_word' id='word_1_591' title='bbox 1794 4488 1986 4551; x_wconf 82' lang='lat' dir='ltr'><strong>obstat,</strong></span> <span class='ocrx_word' id='word_1_592' title='bbox 2008 4498 2198 4549; x_wconf 84' lang='lat' dir='ltr'><strong>corpus</strong></span> <span class='ocrx_word' id='word_1_593' title='bbox 2222 4493 2319 4536; x_wconf 84' lang='lat' dir='ltr'><strong>est.</strong></span> <span class='ocrx_word' id='word_1_594' title='bbox 2387 4486 2460 4534; x_wconf 75' lang='lat' dir='ltr'><strong>At</strong></span> 
     </span>
    </p>
   </div>
  </div>
 </body>
</html>
