3009 4925
478 418 553 468 Τ.
608 415 961 467 Luctum
1009 414 1189 464 CAR!
1245 414 1338 463 DE
1390 413 1656 466 RBRUM
1705 406 1886 463 NAT'.
1940 413 2084 465 mu.
2133 415 2211 464 ΙΙ.

252 560 487 612 trsrius:
528 559 745 625 proprie
784 566 841 610 et
882 556 1240 625 significanter
1273 572 1339 607 ea

252 637 465 688 dixisse
477 638 733 688 recedere
750 636 815 686 ad
841 652 932 687 sus
950 636 1169 686 saecnla:
1198 635 1337 700 quod

256 723 341 765 est
365 714 543 778 plagis
564 728 655 764 seu
676 712 866 768 ictibus
889 714 1097 778 repulsa
1127 711 1337 762 cedere.

255 791 363 840 Sed
388 792 461 839 de
488 791 571 840 his
590 792 855 841 hactenus.
893 804 993 854 ego
1027 790 1335 853 scripturam

256 867 557 930 vulgatum,
576 873 630 916 et
656 874 941 930 receptam,
978 873 1035 916 et
1071 865 1225 914 trium
1248 878 1337 914 an·

256 941 531 1006 tiquorum
591 941 887 992 testimonio
947 940 1335 1005 comprobatam

258 1017 484 1066 retineo.
532 1017 632 1067 hoc
669 1024 885 1068 tantum.
923 1024 1105 1067 cetera
1132 1014 1334 1081 judicio

254 1093 475 1143 lectoris
501 1094 770 1157 permitto.
792 1095 958 1145 Lansb-
1028 1093 1161 1143 Haec
1182 1091 1257 1158 (et
1270 1095 1337 1143 ud

252 1184 339 1220 suu
359 1172 510 1220 αρσια
535 1173 780 1234 recedent)
817 1179 900 1222 est
929 1178 1162 1221 veterum
1185 1170 1335 1220 libro·

254 1260 367 1296 rum
415 1248 628 1312 optima
662 1248 940 1313 scriptura.
986 1247 1157 1309 thfon.
1225 1247 1333 1298 Ad·

244 1321 487 1387 jungunt
525 1337 587 1372 se
608 1325 817 1374 humida
850 1325 1088 1386 humidis,
1123 1332 1334 1374 terrena

255 1402 505 1462 terrenis,
551 1403 649 1452 διο.
708 1400 936 1452 notanda
992 1399 1331 1465 significatio.

258 1474 379 1526 Feb.
450 1477 536 1527 Ad
556 1492 644 1527 suu
667 1478 844 1528 seusina
877 1479 1047 1528 cedunt
1081 1477 1186 1529 alii.
1248 1476 1333 1528 Aa

252 1553 566 1615 suu-seder·
601 1555 706 1605 alii.
741 1554 962 1606 trustra:
998 1555 1121 1605 dum
1157 1562 1213 1605 et
1233 1556 1332 1605 Co·

252 1628 418 1693 dices,
465 1637 529 1680 et
575 1631 688 1695 ipse
736 1631 893 1696 poeta
941 1633 1064 1683 alibi
1117 1632 1331 1683 exhibet

256 1704 381 1756 ‘sna
405 1706 607 1758 saecla!
646 1710 837 1760 ereeck.

323 1785 453 1832 1114
486 1783 795 1847 Pru-udum]
830 1785 920 1835 Sic
957 1785 1148 1836 habent
1178 1790 1329 1850 quat·

255 1863 371 1908 tuor
407 1860 527 1910 libri
568 1875 825 1913 manuscr.
883 1862 1088 1927 utrique
1130 1861 1327 1922 Aldini,

260 1937 513 2001 Vicetini,
537 1948 595 1989 et
618 1940 1013 2003 Lugdunenses.
1081 1940 1251 1991 Lanb.

319 2017 446 2064 1115
503 2015 745 2065 nonium
791 2018 853 2065 ud
890 2019 1171 2076 extrenum,
1217 2013 1327 2078 qm]

257 2088 342 2140 Sic
374 2090 681 2154 legendum,
704 2100 760 2142 et
782 2092 858 2142 ita
879 2092 1075 2144 habent
1094 2100 1329 2156 quatuor

257 2164 371 2216 libri
395 2168 527 2218 Mss.
552 2168 648 2217 nini
664 2167 802 2233 quod
818 2168 871 2218 iu
887 2167 1086 2218 duobus
1106 2182 1201 2233 pro
1221 2182 1326 2232 per·

246 2241 361 2305 ficu,
385 2243 585 2309 legitur
602 2245 793 2310 perfice,
815 2245 1246 2309 quemadmodum
1269 2251 1326 2296 et

255 2318 388 2381 apud
438 2321 669 2371 Nonium
712 2322 949 2371 Marcell.
986 2322 1139 2385 plane
1184 2336 1325 2372 men·

257 2392 396 2445 dose.
449 2398 585 2446 Nam
609 2397 746 2462 qnod
778 2397 844 2447 ad
875 2398 1099 2448 Nonium
1118 2399 1329 2462 attinet,

259 2475 392 2537 apud
410 2492 568 2542 quem
592 2478 666 2527 ita
679 2477 930 2542 scriptum
947 2485 1050 2537 est,
1071 2480 1086 2507 ‘
1106 2476 1327 2541 Perfice,

255 2549 520 2613 perficeris
542 2570 555 2604 ι
595 2555 803 2604 Lucret.
821 2557 871 2604 2.
894 2558 1042 2603 1115.
1068 2553 1323 2603 Donicum

259 2625 320 2677 sd
333 2634 627 2680 extremum
643 2631 908 2680 crescendi
924 2628 1117 2694 perfice
1133 2626 1324 2691 finem,’

259 2704 355 2754 &c.
376 2705 453 2756 sic
477 2713 563 2757 est
583 2706 953 2771 corrigendus:
992 2704 1197 2771 Perfice,
1216 2719 1325 2768 per·

244 2776 440 2842 ficiens.-
495 2782 692 2833 Iucu-ct.
725 2786 777 2833 2.
835 2786 978 2832 1115.
1085 2781 1325 2831 bonicum

253 2856 317 2904 sd
335 2863 602 2910 utrm
622 2850 1218 2924 cresceuds’pefflcufincm,
1239 2860 1323 2922 ξε.

265 2932 280 2959 ‘
299 2932 589 2986 Donicum'
621 2943 795 2985 antem
830 2935 970 2984 idem
1012 2936 1155 2986 valet
1183 2934 1322 3000 quod

258 3004 439 3074 donec,
459 3011 752 3077 eodemque
767 3011 921 3062 modo
943 3012 1322 3075 iuterpretatur

259 3092 436 3136 auctor
460 3087 777 3140 vocabularii
814 3087 1182 3151 Latinograeci‚
1198 3087 1320 3139 mihi

260 3174 289 3211 s
310 3163 389 3213 cl.
413 3165 673 3227 Putasne,
687 3165 887 3230 juvene
922 3163 1244 3229 ingeniosiss.
1264 3172 1320 3216 et

259 3237 516 3295 eruditiss.
539 3240 867 3293 commodati.
934 3241 1020 3292 Sic
1052 3240 1187 3291 enlm
1210 3241 1319 3305 ille,

259 3313 276 3340 ⁴
290 3313 563 3382 donicum,’
578 3317 767 3382 inquit,
783 3315 894 3380 ἄχρι
905 3318 1007 3379 τοῦ,
1030 3313 1133 3371 ἕως.
1157 3317 1316 3367 Plau-

264 3393 340 3439 tus
364 3391 535 3445 Aulul.
561 3399 608 3446 1.
637 3399 682 3444 1.
708 3398 787 3444 19.
830 3393 846 3421 ⁴
866 3400 1108 3443 neutrum
1144 3392 1317 3442 reddi-

261 3463 340 3529 bo,
374 3468 618 3522 donicum
658 3484 742 3519 res
776 3465 1067 3533 dijudicata
1105 3466 1210 3529 sit:
1248 3483 1315 3518 ex

259 3540 541 3599 Prisciauo.
604 3545 754 3597 Idem
794 3545 971 3595 Plaut.
1014 3544 1222 3595 Trucul.
1268 3550 1315 3596 1.

263 3620 310 3666 1.
354 3624 430 3675 18.
467 3623 482 3649 ‘
504 3637 667 3688 nsque
705 3620 855 3683 adeo,
893 3619 1138 3671 donicum
1174 3619 1314 3671 foras

262 3693 470 3749 eduxit!
537 3699 809 3763 Sosipater
854 3697 1019 3747 Caris.
1099 3698 1116 3725 ⁴
1155 3698 1316 3747 Doni·

262 3772 403 3820 cum'
423 3789 520 3837 pro
553 3774 743 3825 donec.
776 3775 852 3823 ita
890 3780 1103 3839 usurpat
1137 3773 1313 3824 Livius

243 3844 503 3921 Androm.
569 3854 586 3882 ‘
612 3852 695 3903 Ibi
715 3865 931 3902 manens
953 3850 1157 3914 sedem,
1174 3850 1315 3901 doni·

261 3935 371 3975 cum
407 3920 605 3979 videbis
644 3943 728 3978 me
763 3936 1011 3992 carpento
1036 3928 1311 3978 vehentem

263 3995 458 4053 domurn
480 4004 718 4057 venisse!
783 4005 1001 4054 Plautus
1022 4018 1227 4070 qnoque
1258 4006 1313 4055 in

262 4074 459 4142 Frsgm.
482 4086 531 4133 2.
550 4087 634 4134 86.
699 4083 715 4111 ‘
741 4081 990 4135 Inimicus
1008 4089 1143 4145 esto,
1167 4082 1313 4132 doni-

264 4166 374 4204 cum
415 4174 512 4223 ego
555 4158 853 4215 reveneroz’
902 4157 993 4209 sed
1045 4166 1100 4210 et
1145 4159 1310 4210 Cato:

266 4231 281 4260 ⁶
304 4231 426 4285 eum
449 4237 645 4289 otiosus
674 4235 929 4299 ambulas,
949 4238 1034 4302 qui
1069 4236 1210 4301 apud
1234 4251 1313 4288 re·

2301 397 2474 467 1193

1413 571 1532 623 gem
1568 556 1736 621 fuisti,
1767 557 2008 609 donicum
2048 558 2136 609 ille
2177 558 2273 609 tibi
2311 558 2470 611 iuter·

1410 634 1546 684 dixit
1568 649 1674 684 rem
1703 634 2016 699 capitalem!
2081 634 2350 686 Hactenus
2372 637 2472 688 Cs-

1412 711 1500 761 ris.
1542 712 1675 762 Cato
1709 712 1778 763 de
1821 727 1878 763 re
1919 712 2137 763 rustica:
2180 714 2472 765 ‘Donicum

1411 789 1634 838 solutum
1659 789 1882 851 erit,aut
1899 789 1970 838 ita
1991 789 2118 838 satis
2140 789 2314 840 datum
2334 790 2436 840 erit
2452 806 2469 840 ε

1410 879 1528 929 qum
1567 865 1623 915 in
1657 863 1818 915 fundo
1862 864 2009 915 illata
2052 872 2223 926 erunt,
2270 865 2472 929 pigneri

1408 940 1600 992 sunto)
1667 943 1822 992 Lucr.
1859 939 2119 992 infima.
2162 943 2178 971 ‘
2205 942 2469 994 Douicum

1407 1017 1674 1069 olesceudi
1726 1033 1978 1068 summum
2033 1018 2258 1083 tetigere
2314 1032 2470 1069 cacu-

1408 1106 1526 1143 men
1547 1094 1578 1142 τ’
1611 1102 1666 1144 et
1699 1093 1823 1145 item
1864 1109 2023 1160 saepe.
2045 1094 2173 1144 ordo
2205 1100 2378 1145 autem
2412 1100 2470 1145 et

1405 1172 1668 1221 sententia
1711 1172 1980 1222 verborum
2022 1178 2137 1222 est:
2185 1171 2468 1234 Donlcum,

1404 1260 1494 1297 ssu
1512 1247 1698 1311 donec,
1716 1255 1899 1297 natura
1912 1261 2084 1296 rerum
2098 1246 2468 1308 creatrixmm·

1406 1325 1493 1374 nia
1542 1324 1609 1375 ad
1647 1333 1940 1375 extremum
1984 1325 2253 1374 crescendi
2308 1323 2466 1375 finem

1409 1402 1619 1467 perfica,
1652 1403 1689 1454 i.
1724 1417 1773 1453 e.
1816 1401 2150 1467 perficiendo,
2184 1416 2277 1452 seu
2312 1401 2467 1466 perfi-

1401 1477 1567 1539 ciens,
1590 1493 1682 1529 sen
1706 1478 2011 1543 perfectrix,
2033 1478 2295 1543 perduxit.
2332 1480 2465 1529 Cum

1402 1559 1515 1609 haec
1556 1558 1877 1622 scripsissem
1913 1572 2045 1607 auno
2089 1562 2236 1608 1563.
2271 1557 2468 1622 prodiit

1405 1635 1459 1683 in
1482 1635 1650 1684 lucem
1684 1633 1892 1685 biennio
1925 1642 2044 1699 post
2069 1635 2115 1684 N
2121 1635 2268 1684 onius
2288 1647 2464 1698 equo·

1404 1710 1522 1761 darn
1544 1711 1741 1775 aliquot
1763 1711 1891 1761 locis
1914 1710 2234 1761 emendatus.
2268 1710 2356 1759 ubi
2379 1711 2465 1761 hic

1403 1788 1547 1854 locus
1579 1788 1645 1838 ad
1669 1802 1810 1838 oram
1835 1788 1949 1838 libri
1975 1789 2051 1839 sic
2075 1787 2142 1838 ab
2176 1788 2263 1837 illo
2290 1801 2464 1838 emen·

1400 1864 1573 1927 datur,
1614 1864 1983 1926 dissimulante,
2024 1865 2161 1914 unde
2203 1864 2466 1914 sumserit.

1403 1941 1587 1994 Utitur
1617 1949 1790 1992 sutem
1828 1940 2009 1992 eodem
2045 1941 2251 1991 nomine
2282 1948 2338 1991 et
2366 1940 2465 1990 Ar-

1400 2016 1523 2066 nob.
1544 2017 1633 2068 lib.
1656 2022 1706 2068 4.
1726 2019 1842 2069 adv.
1862 2019 2022 2069 Gent.
2052 2021 2067 2048 ‘
2088 2018 2325 2068 Etiamne
2346 2031 2466 2081 per-

1400 2092 1501 2144 fica
1535 2109 1638 2144 una
1659 2101 1739 2144 est
1757 2109 1788 2145 e
1812 2095 2009 2159 populo
2041 2094 2323 2154 numinum,
2344 2108 2463 2158 qua

1399 2170 1670 2221 obscaenas
1691 2170 1805 2221 illas
1825 2179 1881 2221 et
1901 2172 2069 2221 luteas
2092 2171 2379 2234 voluptates
2394 2169 2463 2219 ad

1400 2247 1598 2298 exitum
1644 2249 1848 2312 perficit
1896 2248 2174 2299 dulcedine
2215 2245 2465 2297 inoffensa

1400 2325 1684 2389 procedere
1701 2325 1740 2375 ξ’
1789 2326 1868 2374 Ex
1893 2325 2079 2389 quibus
2106 2323 2322 2374 Arnobii
2345 2338 2464 2373 rer·

1400 2400 1477 2450 bis
1499 2401 1793 2465 intelligere
1812 2401 1955 2464 licet,
1968 2402 1984 2430 ‘
2007 2397 2295 2463 Perficam,'
2307 2398 2462 2449 deam

1399 2477 1540 2541 apud
1581 2478 1698 2527 illos
1735 2479 1994 2528 Romanos
2030 2475 2186 2525 fnisse
2221 2490 2340 2541 qnae
2379 2490 2463 2526 res

1397 2553 1663 2604 venereas
1690 2553 1754 2603 ad
1787 2553 1984 2603 exitum
2023 2551 2311 2617 perducere
2348 2565 2461 2602 cre·

1397 2627 1634 2681 deretur.
1674 2630 1758 2679 De
1770 2631 2033 2679 Thrasone
2052 2636 2225 2678 autem
2242 2628 2352 2691 illo,
2369 2627 2460 2693 qni

1396 2703 1534 2756 hunc
1564 2720 1768 2770 quoque
1802 2706 1972 2755 locum
2005 2701 2287 2769 σφπερίζα,
2313 2704 2461 2768 piget

1396 2781 1563 2847 queri.
1630 2781 2016 2847 Usquequaque
2049 2780 2174 2831 licet
2207 2780 2290 2831 hic
2326 2779 2457 2831 illud

1398 2871 1670 2923 usurpare,
1703 2854 1911 2907 καὶτόδσ
1943 2855 2224 2908 Φωκυλίδου.
2285 2856 2457 2908 Lansb-

1395 2934 1486 2985 Its
1526 2935 1813 3000 sepissime
1858 2941 2083 2997 veteres,
2132 2948 2227 2998 pro
2269 2931 2454 2983 donec.

1395 3012 1658 3076 Exempla
1698 3010 1887 3076 passim
1932 3009 2182 3076 reperias,
2218 3017 2276 3060 et
2310 3024 2456 3076 saepe

1394 3102 1515 3138 usus
1534 3088 1828 3139 Lucretius.
1891 3087 2070 3139 Faber.

1458 3162 1721 3225 Dorticum]
1770 3162 1858 3213 Ita
1897 3177 1964 3211 ex
2008 3160 2272 3212 veteribus
2310 3161 2455 3212 libris

1391 3240 1595 3303 scripsi.
1629 3238 1879 3303 vulgati:
1911 3239 2146 3301 Denique.
2210 3236 2387 3287 Gifan.

1454 3314 1644 3380 Perfice
1659 3313 1837 3380 finem]
1867 3314 1956 3365 Sic
1997 3314 2112 3377 lego
2143 3327 2210 3363 ex
2232 3314 2452 3378 quodam

1390 3393 1576 3443 veteri.
1644 3390 1732 3441 lta
1765 3398 1818 3441 et
1856 3391 1923 3441 P.
1950 3390 2213 3440 Victorius
2252 3390 2454 3441 invenit

1387 3468 1440 3517 in
1458 3466 1624 3518 veteri
1645 3467 1865 3527 libro,et
1885 3467 1939 3519 in
1963 3466 2156 3519 Nonio.
2223 3466 2451 3519 Quidam

1388 3551 1630 3595 veteres:
1658 3543 1855 3608 perfica.
1920 3542 2164 3608 Vulgatiz
2205 3542 2452 3607 perspice.-

1389 3621 1631 3686 pessimc.
1696 3621 1834 3671 Vide
1856 3619 2110 3671 Iudicem.
2180 3619 2352 3680 (ἔναιε.

1451 3697 1668 3763 Pes-flea]
1703 3695 1976 3760 Effectrix,
1989 3694 2294 3760 perfectrix.
2329 3698 2448 3747 Vss.

1388 3774 1473 3840 qui
1506 3773 1644 3824 hunc
1671 3778 1973 3838 sequuntur,
1996 3787 2242 3838 perquam
2265 3771 2449 3824 faciles

1386 3858 1537 3914 sunt;
1568 3851 1757 3915 Itaque
1781 3850 1900 3903 illos
1920 3852 2221 3901 transiliam.
2275 3850 2447 3901 Faber.

1387 3927 1662 3993 Effectrix,
1704 3926 2030 3993 perfectrix..
2079 3927 2268 3992 Psrfice
2302 3925 2449 3977 Gifa-

1384 4006 1521 4070 nius,
1562 4013 1618 4056 et
1661 4005 1879 4066 Parcus,
1918 4003 1952 4054 i.
1991 4018 2042 4052 e.
2080 4000 2346 4067 perfecte:
2381 4017 2448 4053 ne

1384 4082 1570 4133 credas
1590 4083 1777 4132 lector.
1844 4078 1964 4129 Alia
1987 4092 2109 4130 vero
2141 4086 2334 4142 praeter
2356 4093 2446 4128 na·

1385 4165 1552 4210 turam
1579 4159 1698 4209 Dea
1715 4156 1840 4207 olim
1876 4155 2147 4205 dicebatur
2170 4161 2185 4182 ‘
2212 4153 2446 4205 Perfice!

1384 4233 1647 4293 Arnobius
1681 4233 1771 4287 lib.
1809 4237 1857 4285 4.
1896 4231 2015 4284 adv.
2049 4231 2206 4282 Gent.
2236 4245 2289 4294 p.
2330 4234 2445 4285 131.
