3009 4925
551 425 684 493 894

553 586 786 638 oratione
811 586 862 637 in
886 587 944 638 L.
961 585 1227 651 Pisonem,
1258 587 1346 638 ubi
1369 587 1612 638 Pisonem

553 666 723 730 ipsum
766 664 843 715 sic
885 663 1013 715 facit
1056 666 1345 730 loquentem
1368 683 1379 715 :
1432 667 1449 695 ‘
1471 664 1612 718 Quid

554 750 653 804 est,
692 743 887 804 Caesar,
930 742 1067 806 quod
1111 750 1165 792 te
1203 742 1612 807 supplicationes

552 827 830 884 tantopere
852 818 1151 869 delectent?
1173 819 1225 867 in
1248 818 1434 883 quibus
1449 819 1612 868 homi·

552 913 644 947 nes
664 912 840 947 errore
862 898 1153 958 ducuntur3
1185 911 1313 962 quas
1336 897 1429 947 Dii
1450 897 1613 963 negli-

552 982 709 1037 gunt:
735 974 821 1040 qui
843 973 928 1040 (ut
952 981 1129 1024 noster
1149 975 1235 1024 ille
1251 973 1455 1024 divinus
1476 974 1614 1024 dixit

557 1049 839 1116 Epicurus)
889 1065 1060 1115 neque
1113 1050 1326 1115 propitii
1371 1052 1611 1116 cuiquam

554 1141 667 1177 esse
685 1128 872 1191 solent,
897 1142 1064 1192 neque
1080 1127 1240 1177 irati.'
1274 1127 1423 1178 Idem
1443 1129 1610 1192 Epist.
1672 1149 1683 1154 ·

555 1203 622 1254 ad
642 1203 859 1255 Trebat.
895 1204 983 1255 lib.
1015 1208 1066 1254 7.
1097 1208 1115 1234 ‘
1135 1205 1404 1256 Quomodo
1439 1211 1612 1256 autem

554 1281 652 1331 tibi
690 1282 920 1346 placebit
937 1282 1124 1334 Jovem
1159 1282 1382 1347 lapidem
1410 1282 1613 1348 jurare,

556 1373 672 1409 cum
693 1359 827 1409 scias
848 1359 1033 1411 Jovem
1067 1360 1254 1409 iratum
1278 1373 1392 1410 esse
1421 1361 1613 1411 nemini

555 1436 759 1501 posse?
840 1435 1099 1485 Arnobius
1144 1436 1231 1486 lib.
1276 1440 1323 1486 1.
1369 1435 1615 1488 adversus

553 1513 779 1576 genteis:
804 1512 819 1541 ‘
836 1513 920 1563 Ita
943 1526 1044 1563 non
1062 1512 1489 1575 animadvertitis,
1513 1526 1613 1563 non

553 1590 760 1656 videtis,
790 1589 1009 1642 affectus
1029 1607 1184 1657 qnam
1209 1591 1427 1656 turpeis,
1460 1606 1615 1657 quam

551 1668 824 1719 indecoras
846 1669 1136 1719 numinibus
1159 1668 1454 1721 attribuatis
1482 1671 1616 1719 insa·

554 1746 710 1796 nias?
757 1745 897 1798 Quid
941 1755 1021 1797 est
1064 1747 1198 1796 enim
1243 1747 1380 1797 aliud
1436 1748 1612 1805 irasci,

555 1836 707 1887 quam
731 1821 971 1885 insanire,
992 1837 1144 1887 quam
1168 1821 1362 1886 furere,
1385 1837 1538 1888 quam
1562 1823 1612 1871 in

554 1897 767 1947 ultionis
787 1897 1049 1947 libidinem
1072 1897 1216 1961 ferri,
1245 1905 1302 1949 et
1324 1899 1375 1947 in
1398 1899 1613 1947 alterius

555 1974 748 2024 doloris
770 1988 980 2024 crucem
1002 1971 1205 2023 efferati
1230 1976 1457 2037 pectoris
1488 1973 1613 2024 alie-

555 2049 763 2100 natione
782 2049 1053 2100 bacchari?
1069 2053 1164 2100 &c.
1182 2065 1298 2115 quae
1316 2051 1521 2112 longum
1547 2051 1616 2100 sit

556 2126 785 2177 referre:
820 2125 1006 2192 quibus
1037 2126 1334 2176 declaratur
1366 2127 1613 2177 iratorum

558 2201 777 2253 affectus
799 2203 851 2251 in
875 2202 1182 2267 corporibus
1203 2203 1511 2266 expressus!
1564 2204 1613 2254 1-

555 2281 673 2331 dem
695 2279 866 2344 paullo
888 2288 1034 2342 post:
1077 2283 1093 2308 ‘
1115 2281 1357 2330 Ceterum
1379 2281 1464 2329 Dii
1483 2281 1615 2344 veri,

557 2364 613 2407 et
630 2357 717 2422 qui
733 2356 944 2418 habere,
963 2356 1050 2421 qui
1070 2355 1207 2406 ferre
1225 2356 1378 2421 hujus
1396 2356 1614 2406 nominis

555 2432 918 2484 auctoritatem
965 2431 1208 2498 condigni
1253 2439 1392 2497 sunt,
1444 2446 1613 2499 neque

555 2512 870 2574 irascuntur,
907 2523 1074 2575 neque
1110 2510 1478 2576 indignantur,’
1517 2515 1615 2563 ὅτε.

620 2667 727 2717 Nec
764 2665 988 2729 tangitur
1021 2666 1120 2732 iro]
1172 2666 1463 2717 Execratur
1497 2667 1614 2717 haec

555 2743 865 2793 Lucretiaua
885 2743 1113 2792 carmina
1148 2742 1448 2792 Lactantius
1479 2742 1616 2792 libro

553 2818 620 2868 de
645 2819 764 2868 Ire:
800 2825 982 2883 utpote
1005 2832 1120 2883 quae
1153 2819 1365 2880 templa,
1394 2833 1511 2883 quae
1534 2833 1615 2868 re·

552 2897 798 2961 ligionem
832 2904 889 2947 et
918 2898 1112 2946 cultum
1151 2897 1377 2946 Deorum
1408 2898 1613 2947 tollant.

553 2974 696 3024 Huic
721 2974 930 3038 Epicuri
965 2973 1237 3023 sententiae
1276 2974 1528 3023 reclamat
1561 2980 1615 3023 et

555 3049 758 3112 Cicero,
779 3051 794 3077 ‘
813 3049 994 3111 Deus,'
1012 3049 1265 3112 inquiens,
1288 3050 1304 3078 ‘
1318 3049 1360 3098 si
1381 3050 1499 3098 talis
1516 3056 1614 3112 est,

553 3131 616 3176 ut
637 3126 779 3175 nulla
801 3126 986 3190 gratia,
1009 3124 1148 3174 uuila
1169 3126 1428 3175 hominum
1450 3127 1613 3176 chari-

557 3209 667 3253 tate
690 3208 948 3265 teneatur,
972 3201 1180 3253 valeat!
1221 3202 1356 3252 Pius.

621 3281 724 3330 Nec
757 3280 868 3330 bene
887 3279 1160 3344 promeritis
1174 3281 1380 3344 copitar,
1402 3296 1487 3331 nec
1510 3287 1615 3331 tnn-

550 3359 691 3421 gitur
731 3359 833 3423 ira]
874 3360 1070 3410 Contra
1113 3359 1249 3408 hunc
1287 3360 1454 3410 locum
1500 3360 1616 3413 fuse

555 3440 667 3502 egit
708 3439 1032 3500 Lactantius,
1076 3445 1130 3488 et
1169 3438 1272 3488 alii.
1306 3453 1615 3504 quemqnam

552 3516 624 3565 nil
643 3530 772 3579 opus
797 3514 915 3565 fnit.
973 3514 1378 3578 Interpretanda
1413 3522 1614 3565 tautum

553 3592 767 3656 Epicuri
792 3607 937 3642 mens
960 3590 1150 3642 fuerat.
1178 3592 1291 3641 Feb.
1362 3592 1519 3655 fingi
1540 3594 1616 3641 iro

553 3669 817 3732 explicant
839 3668 1052 3733 quidem
1073 3668 1245 3729 irasci,
1266 3668 1357 3716 sed
1391 3669 1536 3733 quid,
1571 3670 1615 3717 si

554 3742 666 3793 bene
690 3744 965 3807 promeritis
982 3744 1313 3807 opponatur?
1347 3750 1407 3791 ut
1428 3744 1506 3793 ira
1528 3745 1616 3794 ho·

553 3823 744 3871 minum
771 3823 821 3871 in
848 3824 993 3872 Deos
1034 3823 1261 3871 stultitia
1296 3822 1386 3870 illa
1421 3822 1486 3872 sit
1512 3838 1613 3872 non

552 3899 812 3949 dissimilis
835 3899 1105 3963 Caligula»,
1135 3898 1343 3964 quinon
1369 3900 1479 3948 sine
1500 3901 1614 3965 jur-

554 3975 654 4040 giis
693 3976 903 4025 exilium
939 3975 1094 4024 etiam
1115 3974 1238 4027 Jovi
1269 3975 1614 4026 comminaba-

554 4059 642 4099 tur
663 4049 800 4115 apud
824 4050 1123 4100 Suetonium
1148 4065 1265 4114 cap.
1287 4054 1369 4100 2³.
1404 4051 1486 4101 vel
1511 4067 1614 4101 mo-

554 4126 740 4177 rientis
756 4125 993 4190 Pompeii
1008 4126 1348 4191 indignationi
1366 4128 1504 4191 apud
1521 4130 1617 4179 Lu-

555 4217 669 4254 can.
700 4207 751 4254 8.
783 4208 898 4254 665.
935 4203 1046 4255 ‘At
1083 4202 1264 4267 Magni
1303 4203 1426 4254 dum
1466 4212 1616 4270 terga

552 4287 759 4341 sonant,
776 4287 833 4330 et
852 4286 1065 4344 pectora
1082 4279 1239 4344 ferro,
1264 4281 1614 4332 Permansisse

556 4356 714 4407 decus
748 4370 907 4408 sacrae
943 4357 1236 4408 venerabile
1271 4356 1471 4421 former,
1504 4359 1613 4410 Ira-

1230 441 1447 491 No‘rAE
1497 438 1897 493 vAmoRUM
1950 445 2028 493 m

1691 597 1899 656 tamque
1927 590 2057 641 Deis
2093 587 2317 641 faciem!
2377 590 2423 639 Τ
2422 588 2491 639 ali
2532 589 2607 639 ira
2644 603 2745 642 uon

1688 668 1919 730 tangitur
1941 667 2101 730 Deus,
2121 667 2307 732 iuquit,
2342 665 2396 715 id
2418 674 2503 716 est
2526 682 2738 717 commo-

1690 750 1857 806 vetur,
1889 752 2045 808 prout
2082 750 2259 793 exstat
2297 742 2437 807 apud
2475 743 2745 793 Tertullia-

1687 834 1827 884 num,
1842 820 2081 871 crebrum
2104 820 2402 871 Latinitatis
2426 820 2746 870 Lucretianae

1687 896 2095 955 observatorem,
2132 898 2184 947 iu
2212 897 2434 961 Apolog.
2454 910 2575 962 cap.
2595 901 2678 946 40.
2700 912 2748 960 p.

1687 977 1801 1024 ⁸51.
1823 975 1839 1003 ‘
1853 974 2059 1024 Invidia
2075 974 2263 1024 coelum
2278 972 2565 1037 tundimus,
2575 975 2747 1023 Deum

1687 1051 1981 1115 tangimus.⁹
2015 1051 2199 1101 Hauer.

1751 1130 1815 1177 63
1851 1128 2075 1178 Hancne
2095 1134 2208 1178 ante
2225 1127 2402 1192 oculos]
2454 1125 2749 1192 Significat,

1690 1203 1968 1267 Epicurum
1988 1205 2185 1254 animos
2199 1205 2459 1254 hominum
2477 1203 2750 1268 religione,

1690 1280 1723 1328 i.
1742 1292 1791 1327 e.
1823 1278 1962 1329 inani
1997 1280 2227 1329 Deorum
2254 1280 2458 1343 timore,
2491 1285 2551 1330 et
2572 1293 2751 1343 super·

1689 1355 1903 1404 stitione
1952 1354 2217 1405 liberasse.
2303 1356 2438 1406 Nam
2495 1356 2755 1419 Epicurus

1688 1431 1918 1496 quidem,
1953 1439 2009 1483 ut
2041 1439 2299 1482 testantur
2321 1433 2485 1497 Diog.
2508 1433 2754 1482 Laertius

1692 1516 1748 1560 et
1766 1510 1841 1559 Μ.
1861 1510 2075 1574 Tullius,
2106 1511 2316 1576 scripsit
2336 1511 2526 1561 librum
2551 1510 2623 1560 de
2647 1511 2753 1575 pie·

1691 1594 1800 1638 tate
1840 1602 1963 1652 erga
2000 1588 2172 1638 Deos:
2210 1597 2264 1639 et
2306 1602 2468 1653 supra
2506 1588 2751 1651 diximus,

1690 1665 1994 1729 Epicurum,
2036 1666 2268 1730 quamvis
2309 1672 2549 1731 negaret,
2606 1668 2752 1717 Deos

1690 1758 1866 1793 curam
1885 1743 2074 1793 habere
2095 1758 2262 1793 rerum
2281 1743 2645 1808 humanarum,
2667 1758 2754 1794 ne-

1690 1835 1791 1885 que
1824 1835 2007 1885 preces
2038 1827 2232 1883 tamen,
2264 1834 2433 1885 neque
2458 1819 2754 1870 veneratio·

1690 1911 1828 1961 nem,
1870 1905 1923 1948 et
1965 1899 2161 1948 cultum
2206 1900 2459 1959 Deorum,
2508 1902 2753 1962 tanquam

1690 1977 2047 2039 praestantium
2095 1981 2413 2034 naturarum,
2461 1973 2754 2024 sustulisse.

1691 2065 1805 2116 quae
1830 2059 1947 2102 suut
1970 2049 2208 2116 profecto
2224 2050 2376 2100 valde
2394 2049 2532 2099 inter
2550 2064 2610 2099 se
2628 2064 2754 2114 pug-

1690 2131 1885 2188 nantia,
1913 2136 1972 2180 ut
1995 2130 2223 2181 ostendit
2258 2130 2338 2180 M.
2360 2128 2565 2179 Tullius
2587 2128 2683 2178 lib.
2706 2133 2754 2179 1.

1691 2207 1758 2257 de
1780 2207 1848 2258 N.
1872 2209 1938 2256 D.
1975 2207 2051 2257 his
2076 2206 2275 2256 verbis:
2310 2207 2327 2235 ⁸
2345 2204 2509 2270 Atqui
2545 2204 2757 2269 scripsit

1691 2284 1878 2333 librum
1914 2285 1981 2333 de
2017 2283 2212 2347 pietate
2247 2296 2369 2345 erga
2388 2281 2537 2330 Deos
2562 2281 2755 2344 Epicu-

1691 2376 1797 2421 rus,
1831 2362 1905 2411 ita
1928 2370 1984 2410 ut
2011 2359 2406 2421 Coruncanium,
2431 2365 2521 2407 aut
2542 2358 2753 2408 Scaevu-

1691 2438 1811 2500 lam,
1851 2436 2124 2503 pontifices
2163 2436 2429 2499 maximos,
2480 2440 2534 2484 te
2575 2433 2755 2484 audire

1690 2513 1831 2565 dicas
1847 2530 1862 2577 3
1887 2528 1985 2564 non
2000 2527 2138 2575 eum,
2156 2514 2243 2577 qui
2261 2510 2531 2561 sustulerit
2547 2524 2753 2560 omnem

1689 2591 1921 2642 funditus
1964 2590 2265 2654 religionem
2292 2604 2308 2650 ς
2358 2601 2455 2637 nec
2496 2586 2755 2649 manibus,

1689 2676 1748 2718 ut
1787 2668 2013 2727 Xerxes,
2050 2665 2142 2716 sed
2178 2663 2485 2725 rationibus,
2518 2664 2754 2713 Deorum

1689 2745 2049 2796 immortalium
2069 2743 2261 2806 templa
2279 2748 2332 2791 et
2348 2755 2464 2790 aras
2482 2738 2757 2790 everterit.

1691 2822 1831 2875 Quid
1856 2827 1937 2871 est
1954 2820 2089 2869 enim
2107 2833 2201 2869 cur
2217 2818 2359 2867 Deos
2375 2815 2438 2865 ab
2457 2815 2753 2865 hominibus

1688 2898 1933 2948 colendos
1970 2898 2132 2959 dicas,
2175 2909 2291 2946 cum
2332 2893 2418 2942 Dii
2458 2907 2564 2942 non
2600 2893 2756 2943 modo

1686 2976 1920 3025 homines
1943 2989 2042 3025 nou
2064 2974 2258 3034 colant,
2278 2971 2371 3022 sed
2394 2971 2610 3021 omnino
2634 2970 2755 3020 nihil

1688 3060 1891 3117 curent,
1934 3052 2058 3102 nihil
2093 3051 2290 3115 agant?
2338 3047 2413 3098 At
2452 3054 2537 3097 est
2576 3060 2752 3097 eorum

1688 3129 1879 3177 eximia
1899 3127 2152 3193 quaedam,
2173 3131 2530 3191 praestansque
2550 3131 2754 3185 natura,

1689 3212 1746 3255 ut
1768 3219 1829 3255 ea
1851 3205 2043 3255 debeat
2079 3205 2193 3268 ipsa
2219 3216 2313 3265 per
2334 3215 2389 3251 se
2410 3200 2476 3249 ad
2502 3214 2562 3249 se
2584 3201 2756 3251 colen·

1689 3281 1805 3331 dam
1851 3282 2063 3331 allicere
2105 3280 2410 3343 sapientem.
2480 3276 2565 3326 An
2608 3276 2754 3343 quid·

1670 3374 1841 3424 ·quam
1864 3359 2104 3408 eximium
2131 3362 2433 3422 potestesse
2453 3355 2505 3404 in
2524 3370 2592 3405 ea
2608 3364 2753 3404 natu·

1689 3452 1765 3500 ra,
1793 3452 1930 3502 quae,
1965 3452 2058 3486 sua
2087 3436 2351 3497 voluptate
2384 3433 2596 3494 laetaus,
2632 3431 2755 3483 nihil

1689 3528 1786 3563 nec
1810 3521 1989 3563 actura
2010 3512 2078 3562 sit
2112 3525 2371 3576 umquam,
2404 3522 2580 3574 neque
2615 3514 2756 3574 agat,

1689 3605 1859 3657 neque
1891 3590 2091 3654 egerit?
2124 3590 2256 3641 Quae
2296 3600 2448 3651 porro
2489 3587 2665 3650 pietas
2703 3584 2752 3632 ci

1689 3670 1931 3729 debetur,
1962 3683 1991 3716 a
2024 3680 2125 3731 quo
2162 3664 2288 3714 nihil
2321 3661 2633 3726 acceperis?
2666 3667 2754 3710 aut

1688 3746 1811 3812 quid
1848 3745 2072 3803 omnino,
2111 3742 2257 3806 cujus
2293 3740 2486 3789 nullum
2509 3738 2751 3788 meritum

1688 3823 1776 3882 sit,
1819 3828 1874 3871 et
1915 3820 2095 3869 deberi
2132 3824 2309 3881 potest
2326 3815 2362 3864 ?’
2410 3815 2586 3866 Lemb.
2652 3814 2751 3866 Qui

1690 3899 1951 3963 ingenium
1975 3912 2092 3946 cum
2122 3896 2377 3945 Cicerone
2411 3893 2467 3942 in
2507 3891 2752 3942 Lucretio

1688 3977 2006 4035 desiderant,
2043 3975 2177 4023 hanc
2210 3972 2486 4036 imaginem
2523 3976 2752 4021 contem·

1690 4055 1916 4117 plentur,
1939 4058 1995 4101 et
2015 4052 2058 4100 si
2096 4050 2439 4116 pulchriorem
2463 4054 2751 4098 monstrare

1690 4131 1912 4192 possint,
1937 4129 1987 4178 id
2013 4128 2134 4177 mihi
2156 4125 2351 4176 facient
2374 4123 2515 4189 quod
2539 4130 2623 4174 est
2643 4136 2751 4187 gra·

1692 4205 1955 4256 tissimum.
2022 4205 2096 4254 Ut
2133 4203 2319 4252 misere
2350 4202 2486 4251 enirn
2526 4200 2753 4251 sordide·

1689 4296 1789 4346 que
1809 4283 1995 4346 jacent
2032 4281 2245 4330 humiles
2274 4279 2362 4329 isti
2387 4278 2642 4343 religione
2664 4293 2750 4341 op·

1689 4359 1852 4423 pressi
1872 4358 2122 4419 homiues,
2146 4363 2199 4407 et
2216 4370 2369 4420 quam
2386 4354 2647 4405 horrendo
2665 4367 2749 4404 ore
