3009 4925
461 446 527 494 T.
580 442 937 492 LUCRETII
986 442 1168 491 CARI
1220 441 1317 489 DF.
1365 440 1634 493 RERUM
1684 440 1864 490 NAT.
1918 441 2062 489 [ΑΒ.
2114 441 2157 488 1.

319 591 387 640 42
419 586 584 650 Aga-e
602 585 712 650 hoe]
747 586 1000 637 Naturam
1039 597 1205 633 rerum
1229 597 1318 632 ex·

259 664 455 729 plicare
473 680 490 726 3
512 662 813 727 bocipsum,
827 661 967 727 quod
980 660 1319 724 suscepimus,

259 749 462 791 attente
485 747 540 790 et
562 753 762 789 summa
784 754 909 788 eura
932 751 1118 802 agere:
1152 737 1204 786 in
1223 737 1321 787 hoc

212 810 218 815 ’
258 817 490 872 studium
514 815 830 867 incumbere.
869 816 934 865 de
955 815 1053 864 boc
1077 813 1323 880 loquendi

257 908 455 959 genere
489 907 586 944 nos
630 894 782 957 plura
819 891 1039 941 diximus
1080 891 1134 941 in
1184 906 1321 942 com-

260 977 481 1022 mentar.
504 969 830 1022 Horatianis.
851 969 935 1019 Sic
954 972 1007 1019 4.
1025 972 1140 1018 966.
1174 968 1190 995 ‘
1213 968 1323 1018 Nos

257 1061 414 1112 agere
429 1047 530 1097 boc
555 1053 746 1107 autem,
762 1052 816 1097 et
832 1053 1071 1096 naturam
1087 1060 1323 1112 quaerere

259 1119 470 1178 rerum.'
502 1123 670 1174 Lanb.

317 1198 488 1262 Agere
531 1199 644 1264 boc]
704 1200 968 1264 Scribere,
1011 1199 1081 1251 de
1124 1199 1322 1250 ratione

257 1277 618 1345 philosophica
649 1278 898 1343 cogitare.
964 1277 1163 1329 Notum
1197 1278 1322 1343 quid

261 1355 331 1407 sit
363 1355 381 1383 ‘
399 1356 522 1407 Hoc
544 1369 678 1419 age·
663 1355 698 1417 ,³
730 1370 793 1406 eo
829 1355 1092 1420 respicere
1127 1355 1321 1405 Lucre·

261 1431 390 1483 tium
415 1431 672 1483 credibile
695 1440 790 1483 est.
823 1432 946 1483 Feb.

324 1510 440 1560 Hoc
468 1509 673 1573 patr-iai,
710 1507 819 1571 &et-J
853 1508 942 1558 Ita
983 1506 1079 1557 inf.
1121 1511 1171 1557 4.
1207 1510 1323 1558 966.

266 1586 283 1613 ¹
303 1586 417 1636 Nos
441 1600 600 1650 agere
619 1586 717 1636 hoc
737 1585 945 1635 autem.’
980 1584 1092 1645 Gis.

328 1662 559 1725 Tempore
600 1661 788 1725 iniquo]
841 1662 1098 1724 Tempore
1141 1660 1324 1711 adver·

260 1754 336 1790 so.
379 1739 396 1765 ‘
415 1744 654 1802 tempore
679 1738 887 1803 iniquo,’
906 1742 920 1766 ⁸
943 1752 1092 1803 aequo
1114 1735 1324 1802 animo,’

261 1816 551 1866 antithesis.
583 1815 752 1865 Lamb.

330 1897 558 1960 Teu-pore
585 1894 773 1959 iniquo]
802 1895 949 1944 Tunc
968 1894 1104 1943 euim
1128 1899 1185 1943 et
1207 1893 1326 1943 Clo-

261 1973 378 2024 dius
419 1979 478 2022 et
511 1971 740 2022 Catilina
770 1971 1164 2036 Rempnblicam
1203 1982 1324 2019 vex-

262 2051 442 2102 abant.
477 2050 597 2102 Feb.

328 2129 558 2193 Tm
595 2127 775 2191 inim,
810 2142 941 2192 ww
976 2126 1158 2190 auimo]
1203 2132 1328 2189 Παρ-

261 2208 493 2270 emula
530 2207 666 2258 earo
690 2212 877 2258 amata.
916 2206 1019 2257 vid.
1053 2205 1121 2255 ad
1162 2220 1239 2255 vs.
1275 2208 1325 2255 7.

323 2366 393 2414 44
433 2361 629 2413 Talibus
659 2362 712 2412 ιἰι
748 2360 908 2425 rebus]
941 2360 1007 2411 Ῑιι
1027 2360 1181 2411 rebus
1218 2365 1326 2410 tur·

264 2438 526 2491 balentis:
562 2446 799 2503 tempore
818 2438 961 2489 belli.
994 2436 1162 2489 Laut.

323 2522 392 2568 4⁵
430 2518 572 2574 Quod
593 2514 828 2579 superest]
847 2514 1209 2565 Attentionem
1226 2512 1327 2563 sibi

262 2598 559 2657 comparat.
628 2592 995 2655 Quod-superest
1016 2595 1207 2651 autem,
1232 2590 1266 2640 i.
1281 2602 1329 2638 e.

263 2670 406 2736 qnod
433 2669 691 2734 reliquum
712 2674 810 2719 est.
874 2667 1048 2732 Atque
1077 2666 1155 2716 ita
1184 2679 1328 2728 saepe

262 2746 517 2813 loquitur,
541 2752 601 2795 nt
629 2748 680 2795 2.
703 2747 783 2797 39.
849 2743 865 2771 ‘
889 2744 1047 2796 Quod
1073 2750 1330 2806 superest,

265 2826 439 2875 animo
489 2836 698 2889 quoqne
737 2822 812 2872 nil
852 2820 1101 2889 prodesse
1143 2827 1332 2883 putan-

265 2900 426 2961 dum?
466 2909 529 2952 et.
564 2904 614 2950 6.
655 2903 771 2952 998.
839 2899 856 2926 ‘
878 2897 1032 2951 Quod
1075 2903 1332 2960 superest,

263 2977 570 3030 facilehinc
600 2977 735 3027 ratio
767 2975 1038 3040 reddetur,
1072 2981 1128 3026 et
1165 2974 1331 3025 omnis

266 3055 441 3107 Causa
462 3052 713 3118 patefiet:
733 3056 834 3103 διο.
868 3052 1036 3103 lamb.

336 3129 542 3193 Varus]
589 3130 821 3194 otiosas,
875 3137 1032 3195 atque
1087 3132 1333 3179 attentas.

331 3283 620 3348 Remmius]
648 3284 738 3335 Ita
768 3298 818 3336 o.
852 3284 889 3335 l.
924 3282 1066 3333 Male
1100 3280 1333 3333 Lambin.

272 3361 593 3412 uma«.-
627 3366 800 3411 rectns
819 3373 916 3424 pro
943 3359 1162 3410 vocandi
1190 3372 1332 3409 casu.

335 3517 655 3579 nemum,
694 3523 743 3568 ee
782 3515 851 3579 te]
887 3516 937 3567 0
982 3515 1215 3567 Memmi.
1256 3514 1335 3565 sic

272 3600 449 3645 antem
505 3593 710 3643 restitui
768 3594 1071 3659 conjectura
1128 3591 1334 3655 ductus,

272 3685 389 3723 cun
417 3670 510 3721 hic
542 3671 688 3721 locus
720 3669 775 3719 in
813 3669 996 3720 codice
1032 3670 1335 3720 Bertiniano

273 3756 413 3801 totus
448 3749 507 3799 in
549 3749 712 3798 litura
747 3748 1015 3798 demersus
1056 3752 1216 3799 esset.
1260 3746 1336 3797 sie

271 3842 432 3893 snpra
452 3825 611 3889 dixit,
636 3826 941 3876 Memiadoe
961 3829 1135 3876 nadre.
1181 3824 1334 3878 Quod

276 3911 447 3956 antem
467 3902 683 3968 qnidam
703 3902 999 3952 Thrasones
1017 3903 1271 3953 Mens-iius
1290 3906 1340 3952 ee

275 3987 340 4044 te,
367 3982 654 4032 lectionem
693 3980 974 4044 vulgatam,
1013 3984 1246 4043 tuentur,
1281 3983 1341 4029 ιιι

277 4059 343 4107 sit
361 4055 586 4107 vocandi
621 4068 772 4107 casus
811 4061 961 4106 recto
1002 4055 1204 4119 similis,
1238 4068 1342 4105 non

278 4148 360 4185 me
376 4139 609 4184 movent.
629 4145 768 4194 nam,
791 4137 850 4181 ιιι
871 4131 970 4181 boc
1002 4144 1109 4181 non
1137 4133 1340 4196 ignoro,

277 4209 352 4259 ita
373 4210 482 4260 scio
502 4208 620 4261 illos
643 4221 758 4257 esse
779 4205 1044 4269 barbaros,
1073 4205 1340 4273 impuden-

283 4287 400 4348 teis,
419 4290 476 4334 et
491 4282 862 4348 sycophanta.
892 4281 1062 4332 Lamb.

344 4360 656 4427 umen]
686 4358 870 4413 Gifsn.
905 4358 1174 4410 nannius.
1218 4370 1342 4424 qus-

2321 421 2449 490 891

1394 581 1439 631 si
1475 582 1587 646 jam
1631 588 1788 632 antea
1825 595 1927 632 non
1969 581 2246 647 appellarit
2287 581 2455 633 Mem-

1394 656 1613 708 miadam
1634 673 1650 719 3
1681 657 1774 707 sed
1796 660 2009 708 solenne
2034 657 2163 709 facit
2184 656 2359 709 Gifan.
2391 665 2455 709 ιιι

1394 747 1596 783 venena
1614 733 1839 797 colligat.
1875 734 1996 786 Feb.

1459 809 1775 873 Memmiudu]
1844 811 2119 873 Memmius,
2161 809 2268 863 Gif.
2322 809 2456 861 frus·

1397 892 1494 938 tra.
1560 887 1660 937 His
1679 901 1802 937 vero
1826 891 1905 937 12.
1932 903 2030 938 vss.
2070 888 2316 938 Memmio
2341 903 2454 950 suo,

1397 978 1552 1030 quem
1576 969 1836 1015 attentum
1859 964 1959 1014 sibi
1982 971 2035 1013 et
2058 965 2171 1015 aliis
2193 965 2334 1014 curis
2371 978 2459 1013 va-

1397 1054 1551 1090 cuum
1574 1045 1743 1105 optat,
1773 1037 1966 1090 futurae
1989 1039 2355 1104 disputationis
2375 1054 2455 1089 ar·

1398 1123 1698 1182 gumentum
1743 1117 1933 1181 sperit,
1966 1117 2226 1181 docetque
2260 1131 2316 1166 se
2354 1115 2458 1167 dis·

1397 1201 1696 1259 putaturum
1712 1193 1778 1243 de
1794 1193 1923 1243 (Joeli
1935 1199 1992 1242 et
2012 1192 2235 1243 Deorum
2250 1198 2458 1255 natura,

1396 1277 1453 1321 et
1475 1269 1543 1320 de
1565 1268 1940 1334 primiorerum
1965 1269 2256 1333 principiis,
2291 1283 2322 1319 e
2345 1268 2460 1333 qui·

1397 1345 1493 1395 bus
1516 1360 1600 1395 res
1623 1359 1799 1395 omues
1819 1344 2043 1406 fiunt,et
2065 1344 2115 1393 in
2134 1359 2251 1410 quae
2270 1344 2461 1395 iterum

1398 1423 1758 1482 resolvuntur-3
1815 1420 1953 1485 quod
1996 1421 2132 1470 enim
2185 1419 2252 1469 ad
2313 1420 2461 1470 Deos

1399 1501 1611 1565 attinet,
1646 1501 1721 1550 illi
1753 1500 1909 1550 beato
1953 1499 2058 1548 otio
2096 1497 2356 1561 fruuntur,
2393 1495 2460 1548 ab

1398 1578 1536 1627 omni
1563 1592 1687 1627 curs
1725 1583 1781 1627 et
1815 1575 2029 1639 negotio
2065 1576 2265 1624 semoti.
2331 1575 2461 1623 Pos-

1401 1654 1620 1705 teriores
1643 1659 1818 1704 autem
1840 1652 1933 1701 bos
1958 1667 2050 1701 sex
2086 1666 2262 1701 versus
2286 1650 2461 1700 versui

1397 1734 1478 1781 44.
1500 1730 1775 1795 subjungit
1798 1729 1863 1778 B.
1892 1743 1995 1778 non
2017 1743 2144 1778 vero
2170 1729 2461 1792 agnoscunt

1398 1809 1607 1873 quidam
1626 1815 1756 1859 vett.
1777 1806 1909 1857 Cod.
1925 1812 1981 1858 et
1999 1820 2124 1857 sane
2144 1805 2325 1855 abesse
2347 1818 2459 1868 pos·

1399 1893 1543 1949 sunt,
1591 1886 1728 1936 infra
1767 1892 1940 1935 eutem
1974 1884 2093 1934 loco
2129 1881 2292 1946 magis
2334 1888 2461 1943 apto

1400 1964 1661 2028 legentur.
1726 1963 1922 2012 Tamen
1943 1960 2101 2011 ethic
2130 1973 2234 2009 non
2272 1956 2367 2008 abs
2405 1970 2462 2007 re

1400 2041 1571 2090 locum
1593 2040 1820 2090 babeant
1842 2053 1937 2103 per
1959 2035 2376 2100 occupationem,
2404 2039 2463 2084 nt

1400 2123 1589 2192 uocant
1609 2118 1888 2182 Magistri,
1919 2115 2065 2181 quasi
2089 2114 2231 2163 dicat
2268 2113 2463 2162 Lucre·

1404 2195 1543 2247 tius.
1599 2197 1681 2246 Ex
1721 2195 1898 2260 primis
1941 2191 2245 2257 corporibus
2291 2189 2462 2240 omnia

1402 2269 1553 2336 finnt,
1585 2286 1706 2322 nam
1728 2271 1812 2321 Dii
1835 2268 2065 2334 quidem,
2097 2271 2280 2316 contra
2311 2278 2463 2331 quam

1402 2349 1566 2399 sensit
1587 2346 2022 2412 Philosophorum
2056 2344 2257 2408 vulgus,
2291 2343 2465 2394 Natu·

1403 2439 1513 2476 ram
1558 2440 1728 2477 rerum
1763 2437 1865 2475 nec
1900 2421 2094 2487 fecere,
2125 2434 2223 2472 nec
2260 2424 2465 2473 curant.

1407 2500 1604 2553 Greech.

1466 2588 1534 2633 46
1566 2582 1806 2633 Smotum
1827 2597 1858 2630 α
1878 2578 2029 2643 curis]
2048 2578 2136 2628 Sic
2149 2591 2227 2628 vs.
2242 2581 2322 2627 59.
2336 2577 2352 2606 ‘
2371 2577 2466 2627 Se·

1404 2666 1545 2709 mota
1599 2674 1630 2708 ιι
1682 2657 1868 2708 nostris
1912 2656 2069 2705 rebus
2123 2654 2467 2719 sejunctaque

1404 2734 1595 2799 longe!
1623 2741 1678 2785 et
1703 2748 1778 2784 vs.
1799 2736 1917 2783 464.
1971 2734 1987 2761 ⁴
2012 2732 2274 2782 Semotum
2298 2729 2365 2779 ab
2384 2743 2465 2778 re·

1404 2828 1514 2864 rum
1534 2811 1712 2864 motn.'
1747 2810 1938 2861 Horat.
1964 2810 1982 2838 ‘
2000 2807 2303 2872 Semotique
2320 2807 2464 2871 prius

1406 2889 1559 2943 tarda
1578 2888 1864 2941 necessitas
1888 2884 2075 2949 Lethi:
2097 2887 2198 2934 etc.
2232 2883 2402 2945 Preig.

1479 2967 1652 3017 Veram
1700 2968 1765 3015 ad
1815 2964 2070 3028 rationem]
2145 2960 2234 3011 Ita
2276 2960 2470 3024 Epicn-

1407 3058 1496 3094 rus
1552 3042 1618 3093 de
1662 3042 1767 3093 suis
1811 3038 2140 3104 opinionibus
2193 3035 2471 3086 sentiebat.

1407 3122 1609 3172 Notum
1629 3128 1682 3170 et
1702 3119 1794 3170 ille
1822 3116 1960 3168 Celsi
1999 3113 2177 3174 ἀληθὴς
2208 3110 2370 3177 λόγος,
2401 3110 2468 3162 de

1409 3212 1513 3264 quo
1537 3197 1813 3263 Origenes.
1852 3193 1974 3245 Fal».

1472 3281 1537 3328 4⁷
1573 3275 1683 3326 Tibi
1716 3274 1925 3338 disputa]
1955 3270 2076 3322 Tibi
2108 3228 2383 3332 disposita,
2413 3268 2472 3316 et

1408 3354 1463 3403 in
1484 3351 1720 3402 ordinem
1741 3350 1962 3414 digesta.
1994 3345 2162 3395 Lumb.

1472 3434 1540 3480 49
1575 3425 1802 3489 Ratione]
1839 3425 1997 3475 Itav.
2019 3423 2055 3472 l.
2074 3426 2130 3471 et
2151 3420 2351 3469 Seneca
2370 3419 2471 3481 Ep.

1407 3511 1491 3559 69.
1515 3506 1651 3570 vulg.
1670 3503 1883 3565 regione.
1900 3498 2052 3549 male.
2075 3496 2184 3555 Gis.

1473 3583 1555 3634 De
1603 3594 1787 3631 summa
1816 3577 1923 3626 cali
1964 3574 2163 3635 ratione,
2202 3567 2474 3634 Deumque]

1409 3661 1495 3711 Sic
1517 3658 1715 3709 babent
1736 3661 1960 3721 quatuor
1976 3651 2094 3701 libri
2118 3645 2476 3711 manuscripti,

1411 3743 1469 3791 et
1488 3732 1666 3788 Aldiui
1686 3732 1920 3796 utrique,
1938 3735 1995 3779 et
2011 3725 2259 3789 Vicetini,
2276 3731 2334 3775 et
2355 3724 2474 3775 Flo·

1411 3812 1636 3865 rentini.
1672 3810 1780 3871 alii,
1803 3808 2023 3870 reg-ione.-
2054 3817 2154 3867 ego
2169 3802 2353 3853 ratione
2371 3815 2477 3851 ma-

1414 3891 1493 3956 gis
1513 3887 1695 3955 probo.
1716 3898 1861 3949 saepe
1883 3880 2114 3933 enimita
2135 3878 2391 3944 loquitur;
2414 3882 2473 3927 ιιι

1414 3966 1573 4032 paulo
1624 3962 1764 4014 infra
1803 3961 2041 4012 vs.127·
2101 3955 2119 3983 ⁴
2142 3955 2476 4018 Quapropter

1415 4043 1551 4094 bene
1575 4055 1697 4093 eum
1729 4037 1930 4102 superis
1951 4032 2017 4084 de
2047 4031 2201 4081 rebus
2238 4027 2478 4080 habenda

1416 4121 1588 4174 Nobis
1612 4126 1695 4170 est
1710 4114 1874 4178 ratio:
1893 4116 1997 4163 διο.
2031 4118 2087 4161 et
2106 4113 2287 4160 2.169.
2320 4108 2336 4136 ‘
2358 4107 2475 4158 Hoc

1416 4205 1594 4250 tamen
1616 4211 1684 4246 ex
1706 4194 1831 4260 ipsis
1854 4190 1972 4242 coeli
1995 4187 2282 4238 rationibus
2310 4185 2476 4235 ausim

1418 4273 1736 4325 Confirmare
1760 4267 1892 4332 tibi,’
1914 4269 2013 4316 dcc.
2051 4264 2129 4313 M.
2150 4263 2288 4313 Tull.
2310 4259 2402 4311 lib.
2423 4264 2475 4311 3.

1417 4351 1484 4401 de
1510 4350 1627 4403 Fin.
1696 4345 1855 4397 ‘Nec
1874 4356 1997 4394 vero
2020 4332 2192 4406 potes't
2208 4336 2477 4403 quisquam
2504 4344 2505 4347 ’
