3009 4925
522 352 694 420 1330

525 516 693 566 miuus
749 513 835 564 din
891 511 1078 564 mortui
1132 512 1325 562 simusz
1377 513 1428 562 id
1483 521 1585 577 est,

526 593 681 643 etiam
723 592 764 641 si
811 592 1007 657 aliquot
1049 592 1216 650 annis,
1256 600 1411 654 atque
1453 590 1583 639 adeo

525 670 732 719 saeculis
761 669 959 719 tardius
993 668 1290 729 moriamur,
1331 682 1427 715 non
1467 667 1584 715 idco

526 757 699 799 tamen
722 747 887 796 minus
909 745 998 795 diu
1020 744 1209 794 mortui
1228 745 1431 794 erimus.
1467 744 1585 793 Zoi-

527 827 627 886 lus,
651 839 766 875 cum
801 825 914 873 haec
941 823 1171 885 legisset,
1216 824 1230 849 ‘
1253 822 1422 871 omnia
1442 835 1583 869 men-

527 901 688 964 dose‚’
709 901 890 966 inquit.
966 900 1245 950 Censorem
1267 900 1488 964 aliquem
1514 900 1585 948 lo·

526 979 613 1045 qui
639 987 807 1043 putes,
843 992 959 1027 cum
1000 977 1097 1026 hoc
1136 976 1342 1025 nomine
1365 977 1490 1024 nihil
1515 977 1585 1025 sit

526 1060 785 1122 stolidius,
801 1059 925 1107 nihil
941 1057 1200 1121 pinguius,
1219 1057 1341 1107 nihil
1356 1062 1584 1106 contem·

526 1137 649 1187 tius.
715 1136 877 1185 Inane
912 1135 1139 1195 tandem,
1175 1134 1373 1184 bellua?
1412 1135 1585 1183 omnia

525 1214 810 1263 mendose?
872 1213 948 1260 Tu
975 1226 1095 1261 vero
1114 1212 1287 1261 omnia
1302 1211 1584 1262 mendose:

526 1307 639 1356 quaa
684 1291 835 1339 modo
884 1288 998 1338 aliis
1044 1303 1145 1338 nou
1188 1286 1467 1339 suffuratus
1510 1303 1584 1340 es.

525 1367 692 1418 Lamo.
763 1367 994 1426 Rectius,
1008 1366 1231 1417 delibare.
1270 1365 1395 1415 Fab.
1450 1366 1584 1414 Mal·

526 1446 625 1494 lem
673 1445 754 1493 liic
797 1444 1026 1493 retinere
1070 1445 1283 1493 verbum
1335 1442 1584 1493 Lambiuo

527 1523 793 1586 placitum.
850 1521 1054 1571 delibare
1087 1522 1224 1569 enim
1263 1516 1490 1568 refertur
1520 1519 1584 1567 ad

527 1599 767 1662 exiguum
792 1599 918 1647 illud
945 1598 1079 1661 quod
1107 1597 1218 1661 quis
1240 1610 1306 1645 ex
1331 1595 1501 1660 aliqua
1528 1609 1585 1645 re

525 1677 714 1739 carpit.
749 1675 983 1725 delibrure
1006 1682 1180 1724 autem
1202 1673 1266 1722 ad
1291 1673 1455 1736 ipsam
1475 1689 1584 1723 rem

525 1756 697 1817 potius
720 1754 968 1816 pertinet,
1007 1766 1122 1816 quae
1144 1752 1241 1801 hoc
1263 1750 1415 1799 modo
1439 1751 1586 1799 mini-

523 1844 664 1879 mum
690 1830 905 1891 patitur.
949 1828 1313 1887 Tertullianus,
1336 1837 1393 1877 ut
1417 1830 1584 1891 plura,

524 1908 681 1956 etiam
702 1907 797 1956 hoc
816 1905 1030 1955 verbum
1046 1921 1078 1954 a
1099 1906 1342 1954 Lucretio
1363 1908 1586 1973 sumpsit

525 1984 615 2033 lib.
660 1983 940 2037 de,Anim.
985 1997 1107 2045 cap.
1153 1985 1232 2031 17.
1270 1981 1425 2031 ‘Non
1460 1983 1586 2031 licet

524 2060 671 2109 nobis
710 2061 763 2110 in
808 2059 1020 2109 dubium
1064 2073 1241 2109 sensus
1280 2059 1407 2108 istos
1445 2074 1587 2111 revo-

524 2153 663 2200 care,
686 2153 748 2188 ne
782 2146 838 2188 et
873 2139 925 2186 iu
951 2138 1155 2188 Christo
1190 2139 1256 2186 de
1279 2137 1381 2186 fide
1405 2153 1584 2188 eorum

523 2213 849 2263 delibretur!
917 2214 1070 2263 Unde
1094 2213 1310 2263 forsitan
1328 2215 1482 2264 etiam
1504 2217 1584 2266 do·

521 2291 787 2340 librandum
830 2292 1022 2339 rectius
1062 2291 1113 2339 in
1151 2289 1430 2352 Apologet.
1471 2293 1584 2355 ejus

522 2368 668 2432 legas
692 2383 805 2431 cap.
835 2372 916 2417 21.
942 2382 992 2431 p.
1029 2371 1140 2416 196.
1175 2370 1190 2395 ‘
1211 2365 1373 2417 inflati
1406 2368 1471 2418 ad
1494 2369 1583 2418 de·

520 2444 837 2507 librandum,
860 2445 1160 2495 derivantes
1184 2459 1215 2493 a
1231 2444 1510 2509 disciplina
1533 2447 1583 2496 in

520 2520 790 2585 profanum
835 2520 1078 2572 modum.’
1144 2521 1248 2571 Sed
1282 2525 1585 2586 metaphora

523 2613 623 2648 non
647 2614 677 2647 a
701 2598 894 2648 cortice
933 2598 1151 2659 arboris,
1185 2599 1276 2648 sed
1314 2613 1462 2663 aquae
1493 2599 1584 2649 de-

521 2677 778 2728 rivatione
802 2683 856 2725 et
879 2678 1026 2726 sulco
1064 2676 1239 2740 (juxta
1280 2677 1489 2727 Festum
1531 2678 1584 2726 in

519 2753 855 2817 ‘delibrsre’)
879 2753 1123 2804 deducta.
1159 2755 1291 2803 Hav-
1401 2781 1406 2786 ·

591 2833 717 2879 1102
753 2831 914 2880 Morte
934 2829 1158 2894 peremti]
1190 2831 1404 2881 Mortui.
1431 2834 1580 2894 Virg.

517 2903 634 2953 AEn.
656 2910 705 2955 6.
729 2909 840 2954 163.
865 2908 880 2934 ‘
908 2906 1119 2968 indigna
1143 2915 1308 2956 morte
1330 2907 1586 2971 peremti?

513 2979 650 3028 idem
668 2985 718 3029 9.
742 2984 859 3029 453.
895 2986 909 3008 ‘
929 2990 983 3029 et
1010 2982 1184 3044 primis
1210 2997 1310 3030 una
1331 2988 1411 3032 tot
1436 2985 1582 3033 caede

515 3055 838 3120 peremptis)
874 3070 975 3105 non
999 3059 1180 3106 celabo
1203 3058 1471 3114 lectorem,
1494 3074 1582 3109 me

518 3134 767 3196 scriptum
795 3133 1048 3196 reperisse
1070 3134 1122 3182 in
1147 3134 1237 3184 lib.
1260 3137 1580 3200 manuscrip-

520 3210 602 3272 tis,
623 3216 770 3259 morte
790 3211 991 3273 percuti,
1018 3227 1049 3260 n
1074 3220 1198 3261 aute
1232 3216 1269 3259 t.
1342 3211 1496 3263 Quod
1516 3228 1579 3262 eo

513 3287 796 3336 notandum
836 3286 981 3351 dttxi,
1025 3294 1083 3337 ut
1121 3287 1425 3351 intelligant
1468 3298 1579 3339 tan·

515 3363 634 3412 dem
673 3378 849 3412 omnes
887 3364 1155 3413 literarum
1179 3365 1417 3429 studiosi,
1439 3373 1581 3417 vete-

513 3453 596 3487 res
633 3438 898 3501 scripsisse
955 3446 969 3468 ‘
991 3440 1318 3504 peremtum,'
1368 3442 1576 3493 ‘adem-

512 3515 660 3576 tum‚'
693 3517 708 3544 ‘
732 3516 959 3580 emtum‚'
994 3518 1290 3580 ‘cointium’
1344 3526 1402 3569 et
1441 3521 1577 3569 simi·

507 3592 599 3652 lia,
622 3606 800 3656 perat,
843 3594 951 3642 sine
982 3610 1033 3658 p,
1068 3604 1187 3643 ante
1210 3600 1263 3644 t.-
1299 3604 1577 3661 postquam

511 3676 686 3718 autem
731 3670 941 3720 Italiam
985 3671 1249 3720 barbaries
1291 3675 1576 3736 oppressit,

505 3745 640 3793 alios
664 3746 934 3810 scripsisse
977 3747 1304 3809 ‘perentam'
1343 3755 1399 3798 et
1440 3748 1578 3798 simi·

507 3819 581 3868 lia
605 3835 699 3882 per
721 3838 754 3870 n
784 3830 906 3872 aute
928 3829 982 3874 t:
1015 3824 1141 3873 alios
1175 3839 1267 3886 per
1308 3841 1374 3888 m,
1414 3826 1573 3876 inter-

509 3895 679 3959 posito
698 3912 732 3958 p
754 3897 892 3947 inter
911 3913 960 3946 m
981 3908 1034 3948 et
1060 3905 1097 3961 t,
1122 3900 1497 3950 existimanteis
1527 3917 1575 3950 m

509 3979 632 4022 ante
654 3977 695 4034 t,
720 3974 830 4022 sine
853 3990 905 4037 p,
930 3986 1028 4026 nec
1051 3978 1207 4028 scribi
1230 3978 1444 4041 debere,
1476 3993 1574 4030 nec

507 4050 835 4114 pronuntiari
869 4066 1050 4114 posse:
1091 4069 1304 4117 quorum
1345 4070 1573 4106 errorem

505 4127 833 4189 coarguimus
853 4134 910 4177 et
934 4131 1247 4180 convicimus
1272 4132 1323 4180 in
1349 4134 1571 4196 epistola

507 4202 573 4256 ad
591 4204 856 4267 lectorem,
877 4218 1028 4268 quam
1047 4207 1418 4270 pne-posuimus
1430 4222 1571 4257 com·

506 4279 773 4334 mentariis
811 4281 1132 4336 Horatianis.
1202 4282 1356 4334 Quod
1394 4290 1570 4338 autem

1202 365 1419 415 NOTAE
1469 365 1873 417 VAnlonuM
1928 365 2004 417 {N

1660 513 1847 565 doctus
1881 515 2091 579 quidam
2125 515 2313 580 Italus,
2337 517 2477 569 nulla
2510 519 2610 570 alia
2644 535 2720 570 ra·

1663 590 1803 639 tione
1828 592 2108 656 adductus,
2134 609 2288 658 qnam
2317 597 2456 660 quod
2482 596 2599 646 libri
2622 612 2724 647 ma·

1661 669 1915 732 nuscripti
1963 669 2038 720 sic
2093 672 2306 734 habeut,
2359 674 2517 724 etiam
2572 675 2724 725 hodie

1661 744 1845 792 scribit
1888 745 1905 773 ‘
1935 746 2237 810 dampnare'
2272 756 2329 799 et
2375 750 2392 778 ‘
2418 759 2675 814 temptare
2694 756 2726 814 ς’

1662 823 1786 871 satis
1810 823 1923 886 ejus
1947 825 2205 875 inscitiam
2243 841 2304 876 ae
2337 835 2603 892 stuporem
2634 832 2727 879 mi-

1661 899 1763 947 rari
1808 913 1914 949 non
1959 915 2180 965 possum.
2244 904 2410 956 Quasi
2447 920 2572 955 vero
2604 907 2725 956 libri

1662 983 1869 1025 veteres
1907 978 2013 1028 siut
2047 994 2415 1046 usquequaque
2455 984 2727 1048 sequendi,

1662 1060 1717 1102 et
1740 1067 1844 1103 non
1875 1070 1992 1104 cum
2014 1056 2217 1119 judicio
2251 1059 2517 1108 tractandi
2556 1075 2619 1109 ae
2651 1062 2725 1109 le·

1662 1131 1849 1195 gendi:
1886 1134 2031 1183 verbi
2055 1134 2245 1197 gratia,
2268 1136 2321 1184 in
2356 1137 2434 1185 eis
2458 1136 2570 1187 fere
2592 1153 2722 1187 sem-

1663 1223 1758 1273 per
1780 1210 2034 1274 scriptum
2068 1212 2318 1276 reperias,
2367 1212 2722 1278 ‘dampnat-ef

1659 1287 1676 1313 ⁴
1689 1287 2009 1350 antempna,’
2033 1288 2051 1319 ‘
2067 1292 2375 1353 sompnum,’
2391 1293 2408 1318 ‘
2424 1291 2729 1354 solempne:

1662 1371 1717 1412 et
1738 1363 1928 1414 similia
1951 1366 2358 1429 quamplurima:
2393 1382 2545 1431 qnam
2559 1369 2725 1432 scrip-

1664 1446 1832 1490 turam
1878 1451 2051 1490 tamen
2085 1456 2237 1492 nemo
2272 1452 2356 1492 est
2388 1444 2723 1494 mediocriter

1661 1517 1917 1577 eruditus,
1940 1520 2027 1583 qui
2050 1533 2152 1569 non
2190 1527 2437 1584 respuat:
2464 1530 2554 1571 ant
2577 1523 2723 1588 quasi

1661 1596 1676 1623 ‘
1700 1595 1953 1645 tentandi’
1977 1595 2189 1646 verbum
2214 1612 2314 1646 non
2338 1598 2535 1647 oriatur
2550 1614 2590 1647 a
2611 1614 2737 1651 vera

1665 1671 1716 1721 bi
1750 1678 1905 1722 teneo
1940 1674 2124 1737 supino
2156 1682 2377 1732 tentum,
2411 1690 2503 1725 sen
2536 1683 2720 1727 tentn:

1663 1765 1780 1814 quae
1815 1752 1895 1799 vel
1920 1766 2036 1801 cum
2057 1766 2105 1799 m
2129 1759 2183 1800 et
2203 1767 2237 1815 p
2270 1752 2548 1802 scribenda
2582 1760 2720 1811 sunt,

1663 1833 1937 1890 temptum,
1973 1836 2205 1891 temptu:
2244 1829 2378 1893 quod
2415 1830 2459 1879 si
2494 1832 2608 1896 quis
2645 1831 2723 1880 di-

1661 1912 1767 1963 cat,
1792 1904 1984 1953 delirus
1998 1903 2303 1968 judicetur:
2340 1907 2507 1956 velue
2530 1908 2585 1955 in
2609 1914 2720 1957 ten·

1662 1987 1718 2029 tu
1766 1981 1975 2046 quidem
2016 1981 2095 2030 his
2132 1981 2323 2031 litteris
2361 1999 2410 2032 ns
2441 1992 2497 2033 et
2522 2001 2556 2048 p
2579 1986 2719 2034 locus

1661 2073 1777 2108 esse
1836 2066 2031 2122 potest,
2071 2065 2129 2107 ut
2171 2059 2721 2125 scribatur‘tempto.'

1726 2215 1853 2261 1103
1891 2212 2101 2261 Condere
2117 2211 2283 2276 secla]
2314 2213 2332 2240 ‘
2351 2214 2592 2263 Condere
2622 2229 2714 2264 st-

1660 2286 1761 2337 ela'
1798 2288 1994 2337 dictum
2018 2295 2101 2338 est
2121 2289 2203 2339 vel
2227 2299 2286 2338 ut
2308 2289 2531 2339 dicimus
2566 2293 2581 2318 ⁸
2601 2304 2731 2340 con·.

1659 2363 1782 2413 dere
1837 2363 2099 2415 frumenta
2139 2371 2194 2416 et
2237 2364 2485 2427 fructus:
2543 2369 2623 2416 vel
2659 2376 2719 2417 ut

1660 2440 1676 2468 ‘
1696 2440 1924 2491 condere
1957 2442 2248 2506 mortuum‚’
2287 2444 2368 2493 vel
2388 2453 2446 2493 ut
2465 2444 2717 2495 ‘condere

1658 2518 1917 2567 lustrum!
1982 2520 2201 2584 Quoquo
2233 2520 2389 2570 modo
2410 2521 2609 2571 dictum
2630 2522 2717 2585 sit,

1659 2594 1865 2642 tralatio
1911 2608 2023 2644 esse
2060 2594 2284 2646 videtur.
2368 2597 2458 2647 Sic
2499 2596 2717 2648 fortasse

1659 2669 1794 2719 Hor.
1818 2670 1924 2719 Od.
1957 2674 2008 2721 4.
2045 2676 2094 2721 5.
2115 2675 2195 2721 29.
2230 2673 2247 2700 ‘
2269 2672 2467 2722 Condit
2502 2675 2715 2739 quisque

1656 2745 1792 2796 diem
1812 2746 2031 2797 collibus
2054 2747 2104 2795 in
2127 2746 2264 2797 suis.'
2285 2750 2300 2776 ‘
2317 2749 2563 2799 condere'
2585 2753 2715 2800 enim

1656 2825 1672 2853 ‘
1689 2824 1845 2874 diem’
1865 2825 2093 2889 videtur,
2109 2826 2196 2889 qui
2215 2825 2278 2875 ad
2304 2841 2579 2892 vesperum
2602 2844 2717 2893 per·

1655 2904 1820 2967 venit,
1859 2911 1915 2954 et
1961 2906 2045 2954 cui
2080 2905 2192 2954 dies
2238 2913 2381 2956 totus
2420 2914 2720 2956 consumtus

1655 2985 1754 3034 est.
1788 2983 1803 3009 ‘
1825 2980 2080 3031 Condere'
2100 2982 2266 3043 igitur
2285 2984 2299 3011 ‘
2316 2984 2590 3047 tempora,'
2605 2986 2622 3011 ‘
2636 3000 2720 3034 se-

1654 3056 1804 3120 cula,'
1856 3056 2090 3118 ‘annos,'
2145 3058 2249 3107 dici
2290 3073 2446 3122 posse
2493 3059 2721 3124 videtur,

1654 3131 1738 3182 cui
1762 3140 2015 3196 tempora,
2054 3136 2266 3196 saecula,
2303 3136 2426 3185 anni
2460 3136 2717 3186 consumti

1652 3216 1711 3257 et
1732 3210 1992 3273 praeteriti
2017 3217 2154 3260 sunt.
2188 3210 2358 3261 hmo.

1719 3290 1846 3335 1104
1882 3287 2023 3336 Mors
2055 3289 2259 3352 dm]
2312 3286 2711 3339 Θόνανοςᾶθάκ·

1649 3379 1747 3411 ros.
1796 3370 1856 3413 ut
1893 3378 2011 3427 sup.
2047 3368 2160 3414 882.
2194 3366 2209 3392 ‘
2235 3365 2515 3415 Moralem
2557 3367 2710 3416 vitam

1650 3451 1787 3489 mors
1809 3439 1891 3489 cui
1922 3440 2223 3490 immortalis
2244 3440 2478 3492 ademit)
2512 3442 2680 3494 [aab.

1716 3521 1842 3566 1106
1878 3517 1983 3567 Nec
2016 3516 2171 3568 minus
2201 3516 2283 3566 ille
2303 3517 2535 3580 dimo-c]
2590 3517 2634 3567 1.
2661 3530 2706 3566 o.

1650 3599 1709 3643 et
1731 3607 1880 3657 aeque
1902 3591 1990 3642 diu
2018 3599 2255 3642 mortuus
2281 3593 2386 3642 erit
2422 3594 2511 3642 ille
2537 3594 2622 3659 qui
2644 3607 2707 3643 ex

1649 3668 1897 3718 hodierno
1920 3668 2006 3718 die
2032 3668 2236 3719 vivendi
2260 3669 2598 3733 finem-fecit,
2632 3679 2707 3720 at-

1647 3760 1749 3810 que
1766 3744 1854 3794 ille
1878 3744 1964 3809 qui
1990 3744 2163 3793 multis
2182 3753 2306 3793 aute
2328 3746 2478 3794 annis
2500 3746 2705 3796 interiit.

1648 3836 1768 3871 num
1804 3836 1921 3871 cum
1947 3829 2152 3883 tempus
2174 3818 2426 3883 futurum,
2452 3821 2520 3871 sit
2543 3818 2702 3870 infini-

1649 3904 1777 3961 tum,
1819 3905 2043 3961 uterque
2088 3904 2208 3960 post
2244 3904 2469 3950 mortem
2508 3906 2700 3961 tempus

1649 3991 1800 4041 aeque
1856 3973 2113 4023 infinitum
2165 3980 2401 4023 mortuus
2464 3972 2699 4028 manebit.

1713 4134 1836 4180 1105
1873 4131 1959 4179 Ex
1993 4129 2217 4180 hodierno
2259 4126 2460 4191 lumine]
2496 4127 2573 4177 Ex
2611 4125 2695 4178 ho»

1646 4207 1826 4259 dierno
1851 4208 1954 4261 die.
1985 4206 2157 4260 lamb·
