3009 4925
555 419 688 490 868
1203 431 1478 486 uarum
1528 435 2111 489 anrusnvnnero

556 582 663 639 bus,
698 579 785 647 qui
814 586 898 628 aut
923 576 1185 636 navalibus,
1206 584 1291 627 aut
1317 577 1606 627 terrestribus
1625 577 1798 643 preliis
1821 594 1906 643 pro
1924 579 2077 644 patria
2095 586 2289 629 mortem
2310 581 2634 646 oppetierant,
2654 600 2752 634 raa·

555 669 849 718 numentum,
885 660 979 709 illis
1014 660 1239 724 exceptis,
1276 659 1358 726 qui
1396 661 1456 708 sd
1492 659 1824 710 Marathonem
1871 661 2157 719 ceciderunt,
2200 662 2379 726 periere
2423 664 2508 713 uhi
2542 663 2749 714 bouum

556 745 802 794 Persarum
844 741 1029 792 circiter
1059 757 1139 791 sex
1181 740 1327 790 millia
1368 749 1575 793 uccenta
1610 756 1671 790 ex
1691 741 1979 800 ‘Herodotm
2012 742 2372 794 Atheniensium
2413 760 2528 794 vero
2558 753 2749 795 mmm

554 823 815 890 nonaginta
853 823 968 872 duo.
1054 822 1145 872 His
1184 837 1310 880 vere,
1349 825 1539 881 cedern,
1569 839 1685 888 quo.
1707 825 2037 882 occubuerant,
2072 826 2179 875 loco
2213 827 2431 891 sepulcra
2468 827 2535 875 ad
2570 826 2752 875 virtuti·

553 907 824 958 memoriam
845 911 1035 966 erecta;
1068 902 1185 952 alios
1224 919 1388 953 omnes
1420 903 1471 952 in
1507 904 1601 963 via,
1623 919 1729 969 qun
1749 906 1809 954 ad
1850 904 2157 957 Academiam
2188 908 2340 965 ducit,
2375 908 2572 957 uadunt
2609 908 2749 958 fni-s

555 987 783 1053 sepultos.
848 986 907 1035 Iu
930 983 1110 1050 magnis
1129 1000 1239 1033 vero
1260 984 1492 1043 cladibus,
1513 999 1577 1033 ne
1596 985 1713 1049 quid
1734 986 1795 1034 de
1817 986 2012 1050 pietate,
2034 997 2226 1037 suetave
2260 989 2550 1052 gratitudine
2568 989 2751 1038 minne-

554 1077 627 1118 ret
646 1068 950 1119 Atheniensis
984 1065 1049 1117 R.
1067 1066 1123 1115 P.
1144 1068 1214 1116 sic
1233 1066 1551 1131 prospiciebat
1570 1067 1788 1133 gregariis
1806 1068 2059 1118 militibus:
2093 1069 2357 1133 promiscuo
2388 1069 2559 1118 saltem
2579 1069 2751 1120 colles·

555 1157 707 1200 torum
727 1150 898 1198 casium
922 1148 1100 1208 funere,
1151 1148 1277 1198 facto
1297 1149 1452 1198 triduo
1474 1157 1585 1198 ante
1605 1149 1904 1215 exequiarum
1925 1151 2050 1199 diem
2077 1149 2425 1209 ¹’tabernaeulm
2461 1158 2749 1199 murmuru-

554 1247 662 1279 ossa
675 1232 1069 1296 proponebantur,
1086 1239 1137 1279 et
1150 1246 1337 1280 suorum
1359 1232 1559 1295 quisque
1580 1231 1815 1297 reliquias,
1836 1232 1876 1280 si
1897 1233 2011 1298 quid
2033 1232 2261 1290 libuisset,
2280 1232 2575 1297 imponebat.
2608 1231 2755 1280 Cum

554 1311 847 1370 efferebatur,
869 1311 1153 1376 singularum
1172 1312 1373 1361 tribuum
1387 1312 1596 1378 singulas
1615 1329 1762 1370 areas,
1783 1329 1879 1362 suo
1901 1313 2135 1379 cujusque
2150 1314 2296 1362 tribus
2308 1328 2417 1363 ossa
2435 1312 2748 1368 continentes,

554 1392 770 1442 vehiculo
802 1393 1131 1457 deportabant.
1195 1393 1331 1443 Unus
1352 1402 1577 1460 praterea
1611 1402 1738 1445 totus
1771 1394 1945 1454 inanis,
1976 1402 2238 1445 constratus
2264 1392 2404 1443 simul
2435 1392 2750 1449 defoeehatur,

553 1489 730 1532 eorum,
751 1490 948 1539 quorum
969 1491 1075 1524 ossa
1094 1491 1190 1524 non
1225 1485 1453 1535 extarent,
1475 1479 1552 1527 vel
1572 1478 1694 1527 inter
1711 1494 1933 1527 cesorum
1973 1491 2169 1541 corpora
2202 1475 2375 1541 reperti
2412 1490 2510 1523 non
2534 1473 2749 1521 fuissent.

551 1554 833 1624 Educebant
869 1572 975 1604 vero
1012 1557 1154 1606 funus
1190 1557 1436 1607 voluntarii
1471 1558 1650 1625 quique
1681 1558 1964 1623 promiscuo,
1998 1557 2074 1606 vel
2114 1557 2259 1616 cives,
2297 1557 2371 1605 vel
2392 1554 2622 1619 hospites,
2638 1567 2748 1601 cum

548 1635 729 1686 interea
749 1637 950 1686 foeminae
976 1637 1163 1701 aliqua,
1183 1637 1419 1688 defunctis
1453 1639 1800 1690 necessitudine
1834 1640 2118 1704 conjunctae,
2162 1638 2474 1702 lacrymantes
2505 1634 2751 1683 deflerent·

550 1715 672 1766 Ossa
704 1718 919 1782 sepulcro
942 1718 1132 1782 publico
1168 1719 1429 1784 composita
1460 1721 1794 1777 inferebantur,
1834 1720 1961 1786 quod
1983 1719 2186 1769 Amani»
2218 1717 2359 1783 juxta
2376 1714 2564 1767 Callisn‘
2582 1729 2749 1762 monn·

547 1804 758 1847 mentum
786 1798 939 1847 fuerat
955 1799 1006 1847 in
1036 1799 1327 1849 suburbanis.
1390 1800 1511 1851 Hoc
1533 1802 1595 1852 de
1631 1801 1824 1866 publico
1867 1799 2101 1865 sepulcro.
2165 1798 2308 1849 Haud
2349 1806 2507 1847 tamen
2536 1792 2751 1844 inverisi-

548 1875 663 1926 mile
678 1885 751 1927 est
770 1879 1038 1928 domesticis
1066 1879 1117 1927 iu
1136 1880 1314 1939 fundis,
1335 1881 1644 1946 extremisque
1665 1882 1840 1947 proprii
1858 1880 1958 1946 agri
1988 1881 2041 1929 in
2056 1879 2246 1942 finibus,
2264 1878 2417 1943 podta
2431 1876 2573 1926 fuisse
2595 1874 2748 1939 priva·

548 1965 701 2005 turum
744 1959 993 2023 hypogea.
1057 1959 1256 2023 Propria
1281 1962 1473 2026 insuper
1503 1963 1718 2025 sepulcra
1752 1962 1898 2011 fuisse
1926 1961 2150 2010 ‘familiis
2182 1960 2447 2025 quibusque
2481 1964 2748 2007 conumer-

550 2045 649 2086 tere
666 2038 855 2088 minime
874 2039 946 2089 tas
960 2048 1049 2090 est.
1112 2041 1412 2106 Quapropter
1430 2042 1737 2092 Marcellinus
1756 2041 2084 2107 cognationem
2104 2040 2400 2106 'l'hucydidis
2418 2054 2527 2089 cum
2546 2037 2747 2087 Cimone

547 2118 717 2183 probat
769 2120 861 2169 hoc
916 2129 1207 2186 argumento,
1255 2121 1544 2187 ‘probroque
1597 2123 1796 2173 dabatur
1849 2123 2018 2188 privari
2059 2122 2285 2186 majorum
2320 2119 2552 2186 sepulcro.
2617 2116 2744 2165 Nam

545 2197 770 2248 ‘Athenis
806 2201 1106 2251 scelestorum
1142 2218 1388 2266 corporum
1418 2202 1669 2268 projectio,
1700 2211 2078 2267 mortuorumque
2110 2202 2319 2260 effossio,
2336 2218 2399 2252 ne
2421 2199 2743 2264 jugulatorum

546 2279 738 2343 quidem
783 2281 983 2331 filiorum
1026 2284 1133 2332 tiliis
1182 2285 1389 2349 aspicere
1428 2284 1500 2334 tas
1541 2292 1657 2334 erat.
1735 2284 1876 2335 Extat
1918 2286 2158 2335 decretum
2209 2282 2568 2332 Atheniensium
2613 2277 2743 2342 apud

548 2358 875 2410 rPlutarchum
908 2364 957 2410 in
979 2364 1312 2429 perduellionis
1343 2380 1466 2428 reos,
1487 2365 1905 2430 Archeptolemum
1938 2373 1989 2414 et
2019 2364 2395 2429 Antiphontem:
2431 2368 2600 2426 praeter
2629 2373 2739 2407 vero

542 2438 744 2506 injustas
763 2441 859 2493 illis
880 2444 1080 2495 infamias
1119 2453 1274 2505 notas,
1306 2445 1505 2496 accessit
1537 2454 1588 2496 et
1618 2447 1744 2512 quod
1784 2446 2025 2512 sequitur:
2092 2444 2231 2495 ‘Nec
2266 2443 2408 2495 liceat
2441 2438 2743 2506 Archeptole-

543 2538 674 2573 mum
694 2532 746 2574 et
764 2523 1110 2590 Antiphontem
1130 2527 1330 2577 Athenis
1356 2528 1565 2588 humare,
1606 2543 1762 2593 neque
1782 2528 1833 2577 in
1852 2528 2040 2585 finibus,
2057 2527 2140 2592 qui
2154 2526 2275 2591 juris
2294 2526 2389 2574 sint
2406 2517 2746 2573 Amm’

541 2603 639 2654 Par
671 2604 828 2655 futura
855 2615 956 2656 erat
984 2607 1271 2674 sHyperidi·
1308 2608 1518 2658 Oratoris
1537 2625 1652 2668 sors,
1675 2608 1727 2658 ui
1755 2609 2004 2674 Alphenus
2023 2607 2129 2673 ejus
2146 2606 2451 2657 consobrinus
2473 2602 2741 2669 penufius-

542 2685 636 2735 sihi
652 2702 823 2752 corpus
843 2704 872 2736 a
900 2689 1140 2753 Philopite
1176 2690 1375 2740 Medico
1398 2696 1665 2747 cremasset,
1695 2697 1866 2738 etossa
1886 2687 2098 2737 Athenas
2128 2688 2421 2753 deportasset
2450 2684 2511 2732 ad
2534 2697 2745 2734 necessu

541 2766 654 2826 rica,
686 2776 849 2817 contra
881 2770 1241 2819 Atheniensium
1279 2779 1329 2820 et
1363 2770 1689 2819 Macedonum
1727 2771 1946 2819 decretae
2001 2783 2100 2817 non
2135 2768 2278 2818 modo
2314 2766 2439 2814 enim
2474 2763 2662 2829 pulsum
2693 2762 2740 2811 in

541 2846 732 2896 exilium
768 2848 927 2907 fuisse,
950 2865 1107 2899 verum
1140 2852 1299 2908 etiam,
1322 2866 1384 2900 ne
1411 2853 1463 2898 iu
1483 2867 1570 2899 suo
1592 2851 1865 2916 sepeliretur
1885 2851 2203 2901 interdictum.
2269 2848 2535 2897 praestitere
2554 2860 2738 2895 necnon

540 2926 696 2976 simile
724 2927 927 2977 officium
947 2929 1272 2979 Themistoclis
1299 2929 1480 2991 ¹*amici,
1501 2949 1661 2981 verum
1683 2932 1804 2982 clam
1822 2933 1951 2982 fuere
1973 2932 2098 2981 illius
2118 2946 2222 2981 ossa
2243 2929 2449 2995 sepulta,
2462 2943 2609 2993 quum
2632 2924 2740 2989 legi·

546 3005 636 3055 bus
654 3022 753 3055 non
774 3010 1124 3068 concederetur,
1147 3012 1277 3074 quod
1297 3012 1578 3075 proditionis
1598 3019 1722 3061 esset
1748 3013 1996 3061 damnatus
2017 3029 2030 3060 z
2058 3011 2336 3076 jussumque
2356 3006 2560 3058 inimicis
2600 3006 2736 3056 ¹1²1»-

542 3086 693 3136 n’onis
712 3096 801 3147 est,
825 3098 880 3139 ut
915 3090 1041 3139 illius
1078 3106 1248 3155 eorpus
1285 3099 1416 3141 extra
1449 3092 1568 3141 fines
1600 3092 1921 3157 projiceretur,
1944 3108 2001 3142 ac
2037 3106 2099 3141 ne
2129 3092 2235 3155 quis
2257 3086 2560 3139 Atheniensis
2578 3102 2735 3151 rogum

541 3166 695 3218 funeri
715 3169 1002 3221 incenderet.
1061 3170 1213 3221 ¹¹Hine
1235 3173 1413 3223 factum
1436 3183 1505 3233 ut,
1529 3175 1827 3239 conspirante
1847 3174 1898 3222 in
1920 3173 2045 3223 illius
2072 3172 2234 3220 odium
2256 3169 2573 3227 multitudine,
2602 3181 2734 3217 nemo

544 3248 665 3298 liber
696 3266 841 3301 ausus
871 3252 934 3300 sit
971 3253 1261 3303 Phocionem
1282 3254 1497 3319 sepelire,
1531 3255 1691 3320 itaque
1711 3254 1901 3304 aservis
1935 3253 2147 3317 sepultus
2181 3258 2269 3300 est.
2332 3248 2537 3297 Enorme
2557 3262 2735 3312 prorsus

540 3329 702 3390 fuisse,
725 3334 855 3397 quod
894 3333 1094 3399 contigit
1126 3336 1412 3401 quandoque
1450 3336 1581 3401 apud
1628 3343 1862 3387 trecentos
1898 3334 2111 3385 delectos
2148 3349 2206 3381 ex
2242 3330 2518 3395 primoribus
2540 3328 2722 3393 judices

540 3397 766 3477 ¹Myrone
799 3414 1068 3478 postulante
1088 3414 1316 3481 Phylensi
1339 3417 1569 3476 damnati,
1599 3418 1716 3467 etin
1737 3418 1927 3467 exilium
1944 3415 2027 3479 qui
2058 3419 2346 3478 supererant,
2379 3410 2474 3458 acti
2495 3417 2622 3466 sunt,
2652 3408 2731 3455 da-

538 3490 808 3543 tunctorum
828 3496 1057 3545 cadavera
1076 3495 1267 3556 effossa,
1299 3505 1426 3547 trans
1455 3498 1574 3546 fines
1605 3496 1859 3562 projecere.
1922 3496 2157 3561 Tyrannis
2176 3492 2409 3557 siquidem
2426 3489 2731 3538 Athenienses

538 3572 664 3624 cives
692 3576 812 3625 adeo
832 3577 961 3627 fuere
978 3578 1108 3636 odio,
1127 3585 1180 3625 ut
1192 3578 1382 3642 quando
1405 3578 1587 3627 illorum
1609 3578 1876 3627 obtinerent
1893 3577 2035 3632 bone,
2071 3575 2245 3624 nedum
2266 3571 2393 3621 edes
2410 3569 2732 3620 demolirentur

540 3655 888 3720 diruerentqne,
912 3659 994 3707 sed
1036 3667 1088 3707 et
1118 3660 1335 3723 sepulcra
1350 3660 1629 3718 effoderent,
1649 3658 1876 3709 referente
1899 3656 2160 3706 ¹¹1socrate.
2188 3652 2415 3703 ¹¹Inimico
2428 3650 2606 3701 homiui
2625 3648 2729 3698 illuc

1531 3824 1745 3877 NOTAE

595 3938 624 3968 ⁸
664 3931 769 3982 Lib.
787 3948 855 3983 vr.
1743 3937 1768 3973 Ι·
1789 3937 1955 3987 AEmil.
1979 3935 2122 3985 Prob.
2144 3934 2195 3984 iu
2217 3933 2348 3984 Vita.

598 3994 624 4031 δ
641 3997 963 4060 Thucydides.
1740 4002 1754 4038 ¹
1776 4002 1902 4051 Plut.
1927 4002 1975 4049 in
1993 4002 2102 4049 vita.

487 4122 498 4131 ο
598 4070 623 4097 ³
644 4061 857 4111 Demost.
879 4062 928 4109 in
949 4062 1278 4117 Macartatum.
1735 4066 1761 4103 ¹¹
1779 4067 1945 4117 AEmil.
1964 4066 2107 4114 Proh.

599 4126 624 4162 ⁴¹
645 4126 955 4177 Diacanthus.
1743 4131 1901 4181 ¹Plut.
1921 4132 1969 4180 iu
1992 4130 2157 4179 Solon.

599 4199 624 4225 ⁸
643 4192 771 4241 Plut.
794 4193 855 4240 de
871 4192 971 4243 Ser.
993 4191 1141 4246 Num.
1164 4194 1402 4248 Vindicta.
1731 4204 1766 4232 ὓ
1791 4196 1912 4246 Isoc.
1934 4196 1997 4244 de
2012 4194 2044 4244 J
2048 4210 2157 4259 ugo.

602 4253 622 4289 ¹
635 4256 693 4305 Iu
717 4256 814 4307 vit.
834 4256 919 4309 Or.
940 4273 993 4309 x.
1451 4267 1455 4271 “
1737 4268 1762 4294 “
1781 4260 1928 4326 Soph.
1947 4261 1999 4310 iu
2016 4259 2184 4323 Ajace.
2205 4255 2368 4306 loeus.

599 4329 626 4365 t
650 4320 777 4372 Plut.
798 4322 879 4373 lib.
900 4322 985 4376 cit·
