3009 4925
501 484 567 531 Τ.
617 483 979 533 Lucnss‘rn
1029 483 1208 548 cARt
1259 484 1368 552 DR.
1407 483 1681 536 RERUM
1730 487 1905 537 NA'r.
1954 488 2100 539 mn.
2147 489 2194 538 1.

280 632 492 692 putant,
512 627 611 678 boc
633 628 749 679 loco
770 644 786 677 ι
824 628 1132 680 Tactusenim
1145 629 1231 681 leti
1249 645 1347 681 ons-

281 703 418 754 nibus
434 710 556 755 esset
575 720 720 754 musa
736 706 963 769 profecto.
1000 707 1183 757 Lamb.

263 809 270 814 ·
348 782 524 832 Τωωε
557 784 679 832 satis
713 789 834 834 met
874 799 1015 834 eausa
1046 784 1186 847 lethi]
1220 785 1345 835 Non

258 865 481 909 -temere
521 859 649 909 alibi
686 860 917 924 reperias
957 860 1061 911 tale
1086 861 1344 911 Latinita-

279 934 348 985 tis
369 935 698 1000 exemplum3
721 951 898 986 sensus
922 943 1032 988 est:
1068 938 1169 987 Vel
1187 939 1343 988 levis-

227 1049 238 1057 .
282 1011 440 1062 simus
458 1018 633 1062 tactus
651 1013 776 1063 satis
789 1012 941 1077 foret,
960 1013 1078 1079 quia
1093 1014 1218 1064 nibil
1231 1013 1343 1064 fun-

281 1089 513 1140 damenti
535 1090 588 1138 in
622 1104 680 1139 re
709 1097 955 1142 concreta
987 1098 1146 1141 esset.
1191 1091 1309 1142 Pas.

271 1203 302 1220 ..
341 1166 480 1216 Satis
515 1171 639 1217 esset
675 1166 839 1231 cusa]
889 1169 1016 1217 Tale
1041 1168 1343 1219 Latinitatis

279 1243 575 1308 exemplum
630 1244 716 1294 vix
754 1243 876 1294 alibi
918 1245 1166 1309 reperies,
1201 1245 1343 1295 ideo·

280 1336 380 1386 qne
426 1320 635 1387 quidam
692 1321 994 1372 existimant
1047 1321 1345 1386 legendum,

283 1398 457 1448 Tactus
487 1400 614 1449 enim
652 1400 771 1449 lethi
805 1398 1018 1449 omnibus
1044 1406 1169 1450 esset
1204 1414 1346 1451 causa

269 1476 500 1540 profecto.
533 1477 748 1529 Creech.

273 1609 282 1616 ,
338 1558 437 1605 2⁴8
477 1556 663 1619 Quippe
682 1556 766 1606 ubi
796 1559 929 1608 nulla
946 1557 1135 1621 forent,
1153 1556 1261 1621 θα]
1294 1555 1344 1606 1.

277 1646 324 1683 e.
363 1632 503 1683 Nam
538 1648 654 1682 cum
694 1648 914 1699 corpora
946 1634 1113 1699 prima
1144 1643 1344 1685 teteruo

277 1721 501 1773 corpore
526 1710 665 1760 nulla
686 1718 879 1775 essent,
896 1711 1146 1777 quaelibet
1169 1712 1264 1775 vis,
1287 1717 1342 1761 et

273 1783 472 1850 qnaevis
524 1801 682 1837 causa
734 1801 911 1837 eorum
963 1794 1245 1850 texturam,
1288 1792 1343 1837 et

272 1861 572 1922 concilium,
589 1869 645 1913 et
660 1877 824 1914 nexus
841 1863 1125 1913 dissolvere
1146 1869 1340 1927 posset.
1358 1879 1363 1883 ·

275 1938 407 1989 Cum
444 1938 499 1988 iu
543 1938 779 1989 omnibus
824 1939 970 1989 libris
1008 1939 1248 2002 vulgatis,
1287 1947 1343 1990 et

267 2015 532 2066 nonnullis
551 2015 915 2079 manuscriptis
936 2016 1205 2081 legeretur
1228 2031 1344 2080 quo·

266 2108 392 2157 rm,
415 2107 517 2157 ego
553 2108 585 2142 a
620 2093 821 2143 duobus
853 2094 1219 2157 manuscriptis
1253 2093 1343 2144 ad·

267 2170 519 2235 monitus,
537 2183 697 2219 mma
718 2169 945 2233 reposui.
993 2169 1111 2222 Jam
1129 2170 1267 2235 quod
1293 2171 1345 2221 iu

268 2245 545 2311 codicibus
562 2245 876 2296 Florentinis
893 2246 1347 2310 legitur-dissolvere

266 2339 550 2391 quenquam,
574 2331 634 2375 ut
654 2324 913 2376 referatur
933 2324 1000 2375 ad
1034 2338 1216 2375 vocem
1236 2340 1343 2375 σοπ-

268 2409 476 2470 rmum,
508 2418 610 2453 non
650 2404 831 2469 probo.
906 2404 1150 2470 Namque
1185 2403 1342 2470 hujus

269 2482 372 2533 loci
395 2482 514 2531 haec
534 2480 656 2531 mibi
682 2482 890 2534 videtur
911 2496 1025 2532 esse
1048 2483 1340 2533 sententio:

269 2558 325 2608 Si
345 2558 598 2608 materies
619 2572 721 2608 non
761 2566 900 2609 esset
925 2566 1145 2622 aeterna,
1164 2558 1219 2608 id
1241 2566 1345 2620 est,

270 2635 310 2685 sl
335 2649 440 2686 uon
463 2642 641 2685 essent
659 2636 893 2701 quaedam
912 2636 1220 2701 corpuscula
1241 2635 1344 2699 pri·

270 2728 352 2763 ma
386 2714 724 2777 immortalia,
762 2722 917 2779 atque
955 2714 1032 2763 ita
1074 2712 1254 2776 solida,
1281 2716 1343 2762 ut

271 2792 415 2843 nullo
456 2791 570 2840 ictu
614 2790 865 2855 perfringi
905 2792 1136 2855 possint.
1196 2794 1252 2840 et
1295 2786 1340 2838 si

269 2869 385 2920 boec
409 2875 614 2919 aeterna
634 2883 857 2933 corpora
885 2883 988 2919 non
1013 2869 1343 2919 continerent

274 2960 361 2997 res
390 2946 600 3011 genitas
621 2945 784 3008 magis
806 2952 897 2995 ent
932 2945 1101 2995 minus
1122 2946 1265 2995 inter
1285 2956 1343 2993 se

271 3022 568 3087 implicatas
603 3029 659 3071 et
680 3035 959 3083 connexas,
980 3020 1227 3084 quelibet
1251 3020 1344 3084 vis,

272 3108 330 3150 et
346 3098 574 3165 quilibet
592 3105 765 3148 tactus
780 3112 841 3147 ae
857 3097 1035 3162 pulsus
1057 3111 1146 3147 eas
1167 3097 1345 3148 dissol-

269 3189 393 3226 vere
441 3182 602 3239 atque
632 3174 932 3225 interimere
966 3181 1174 3239 possen
1210 3188 1348 3224 nunc

273 3259 451 3303 autem
486 3252 610 3316 quia
631 3258 686 3301 et
704 3265 925 3316 corpora
941 3250 1109 3315 prima
1131 3258 1248 3300 sunt
1276 3265 1347 3300 ae·

276 3336 446 3394 term,
471 3335 531 3379 et
551 3342 636 3378 res
658 3329 845 3393 genitas
879 3328 994 3378 uliae
1033 3327 1146 3377 aliis
1182 3328 1347 3391 magis

274 3413 400 3456 sunt
441 3405 586 3454 inter
624 3419 679 3455 se
715 3418 985 3464 connum,
1022 3417 1101 3454 eoe
1147 3402 1349 3453 tamdiu

269 3488 493 3537 manent
514 3481 818 3543 incolumes,
833 3480 1001 3531 donec
1025 3479 1100 3529 vis
1118 3480 1241 3530 satis
1255 3493 1347 3543 po-

276 3567 388 3609 tens
412 3573 477 3608 ac
502 3556 693 3621 valida,
712 3571 808 3621 pro
846 3557 1099 3621 cujusque
1134 3557 1209 3606 rei
1233 3563 1346 3607 tex·

277 3642 418 3699 tura,
440 3634 495 3684 in
517 3647 610 3684 eas
633 3633 878 3684 inciderit
908 3640 1078 3723 ‘atque
1116 3633 1345 3683 incurre-

276 3711 365 3762 rit.
433 3711 546 3763 Per
576 3724 729 3760 nexus
762 3710 1107 3775 principiorum
1136 3709 1267 3758 inter
1295 3722 1348 3758 se

272 3787 575 3851 waiteis,
595 3785 857 3851 significat
880 3802 961 3836 res
986 3786 1190 3852 genitas
1210 3787 1348 3836 inter

277 3877 333 3913 se
365 3877 635 3914 connexas
667 3864 837 3914 minus
871 3871 965 3913 aut
996 3862 1161 3927 magis
1183 3863 1346 3927 impe-

279 3940 416 3991 dite·
403 3978 418 3992 .
455 3940 600 4006 qnod
645 3943 799 4007 paulo
845 3950 966 3993 ante
1005 3943 1155 3993 dixit.
1197 3943 1350 3993 Licet

278 4023 451 4068 tamen
472 4017 553 4068 ita
583 4018 780 4082 legere,
816 4019 1003 4084 Quippe
1019 4019 1102 4069 ubi
1121 4020 1253 4069 nulla
1263 4017 1347 4079 so-

275 4099 381 4144 mt
400 4100 585 4145 aterno
604 4109 815 4159 corpore,
830 4110 1040 4159 quorum,
1060 4097 1141 4159 ξε.
1166 4094 1348 4143 eadem

277 4171 558 4233 sententia,
579 4176 641 4219 ut
675 4170 762 4219 bic
800 4184 998 4234 versus,
1018 4177 1074 4220 et
1096 4170 1182 4236 qui
1203 4168 1349 4219 dein·

276 4257 399 4309 ceps
439 4244 701 4309 sequitur,
730 4246 993 4308 pendeant
1032 4246 1098 4298 ab
1131 4247 1194 4298 iis
1229 4259 1347 4312 quoe

274 4321 618 4395 antecedunt.
650 4321 817 4372 Lan-b.

2356 476 2484 544 931

1486 633 1673 698 Quippe
1688 631 1790 699 ubi]
1804 633 1840 686 J
1843 647 1924 684 am
1933 648 2109 701 supra,
2123 634 2215 686 sed
2231 635 2318 688 bic
2333 638 2487 702 paulo

1419 708 1592 768 aliter,
1617 710 1874 774 Cum,&c.
1914 711 2036 764 Fab.

1419 815 1431 846 .·
1486 785 1723 851 Quorum]
1788 786 1874 837 Ita
1941 803 2121 839 omnes
2186 790 2304 841 libri
2358 791 2468 842 fere

1418 860 1731 912 Lambinus:
1785 878 1962 914 eornm.
2019 880 2207 932 sequor
2259 876 2485 921 veteres.

1483 1018 1688 1082 Eorum]
1714 1019 1842 1070 Cum
1865 1022 1917 1071 in
1940 1022 2089 1073 libris
2112 1023 2337 1089 vulgatis
2359 1027 2487 1076 mul·

1418 1094 1590 1160 iisqne
1621 1097 1750 1147 Mss.
1795 1098 1987 1163 legitur
2029 1115 2246 1164 quorum,
2291 1116 2322 1151 e
2359 1102 2485 1153 duo-

1418 1172 1514 1222 bus
1545 1174 1679 1223 Mss.
1719 1175 1904 1239 quibus
1943 1176 2191 1226 adderem
2224 1178 2290 1227 B.
2325 1193 2487 1228 eorum

1415 1250 1647 1313 reposuit
1688 1251 1982 1303 Lambinus.
2030 1254 2241 1310 Quorum
2279 1255 2383 1306 Na.
2422 1255 2485 1306 C.

1416 1323 1594 1377 Gifan.
1612 1327 1735 1377 Per.
1759 1327 1844 1377 alii
1873 1335 2101 1381 tuentur.
2165 1331 2341 1381 Penes
2359 1332 2489 1381 Lec-

1418 1408 1585 1452 torem
1628 1404 1715 1454 sit.
1750 1400 1969 1456 Codices
2000 1406 2287 1456 Florentini
2320 1408 2489 1458 dissol·

1415 1494 1525 1530 vere
1545 1495 1819 1544 quenquam,
1836 1483 1929 1531 viz.
1944 1487 2230 1533 contextum.
2272 1485 2486 1534 Creecln.

1482 1558 1581 1605 244
1619 1555 1851 1620 Quaeque]
1886 1557 1985 1608 Vel
2025 1557 2298 1622 levissima,
2337 1558 2368 1616 ἦ
2403 1577 2486 1607 τυ-

1417 1634 1590 1695 χοῦσα.
1628 1633 1750 1684 fab.

1482 1713 1577 1760 24⁵
1612 1709 1681 1759 At
1702 1712 1847 1775 mc]
1883 1711 2040 1773 Nunc,
2072 1711 2279 1776 Latiae,
2304 1717 2361 1761 et
2388 1712 2486 1776 νῦν,

1417 1786 1630 1848 Graece,
1652 1802 1746 1851 pro
1766 1792 1941 1837 mitem.
1978 1787 2105 1837 Fab.
2159 1835 2175 1849 ,

1479 1871 1578 1915 246
1611 1866 1884 1916 Dissimiles
1902 1899 1916 1915 .
1937 1901 1951 1917 .
1971 1899 1985 1915 .
2001 1864 2204 1929 aternu]
2253 1867 2390 1917 Nam
2414 1881 2483 1916 ε·

1418 1944 1641 1994 ternitss
1662 1956 1757 2008 per
1778 1957 1832 1991 se
1851 1942 1926 1991 nil
1947 1943 2169 2005 valeret,
2188 1941 2285 1991 nisi
2311 1956 2376 1991 eo
2397 1955 2485 1992 nc-

1417 2020 1635 2071 cederet
1675 2035 1878 2086 qnoque
1922 2019 2323 2080 dissimilitud03
2370 2020 2486 2069 sine

1418 2112 1516 2162 que
1540 2097 1609 2147 nil
1633 2098 1878 2148 conuecti
1900 2105 2095 2162 potest.
2129 2097 2266 2145 Nam
2286 2103 2487 2158 aeterne

1418 2173 1625 2239 quidem
1644 2180 1820 2225 essent
1833 2188 2056 2239 corpora
2070 2172 2363 2238 prima,sed
2380 2186 2485 2222 non

1414 2250 1534 2301 ideo
1555 2252 1636 2302 vel
1663 2265 1759 2315 per
1779 2250 1915 2300 borae
1940 2257 2256 2301 momentum
2278 2264 2489 2301 concre-

1415 2334 1470 2378 ta
1491 2335 1777 2378 manerent.
1812 2327 1931 2377 Fab.

1479 2407 1578 2454 247
1627 2402 1783 2467 Dum]
1837 2403 2053 2454 Interea
2105 2404 2246 2469 dum,
2299 2404 2486 2455 donec.

1414 2481 1540 2534 Feb.

1478 2560 1578 2607 248
1614 2556 1793 2619 Obeat]
1825 2557 1993 2622 Bene,
2030 2555 2186 2618 obeat,
2205 2556 2305 2607 hoc
2338 2557 2493 2614 loc03

1415 2646 1518 2683 non
1541 2647 1714 2697 supra.
1750 2632 1870 2682 fab.

1415 2730 1423 2743 ·
1480 2714 1591 2760 250
1624 2709 1868 2772 Discidio]
1917 2709 2025 2758 Per
2045 2706 2403 2759 discissionem
2427 2724 2487 2759 ac

1416 2785 1824 2838 dissolutionem.
1847 2785 1921 2835 sic
1935 2791 2108 2834 autem
2126 2783 2319 2833 habent
2340 2793 2489 2850 quat-

1417 2871 1538 2915 tuor
1580 2863 1700 2913 libri
1730 2861 2094 2927 manuscripti,
2139 2875 2242 2912 nou
2274 2862 2487 2912 dissidio.

1484 3019 1733 3085 Discidio]
1786 3017 2077 3082 Kos-daweus,
2111 3033 2205 3069 seu
2246 3017 2491 3083 ἀνάλυσις,

1419 3103 1519 3149 est.
1554 3098 1672 3148 Fal».

1485 3174 1567 3225 Aa
1608 3189 1802 3239 corporo
1838 3173 2083 3237 materiai]
2125 3172 2211 3223 Ad
2256 3172 2490 3224 ultimam

1421 3250 1808 3313 resolutionem,
1829 3264 1947 3315 qum
1972 3255 2079 3299 tum
2105 3249 2220 3298 talis
2242 3256 2344 3312 est,
2368 3248 2488 3297 dum

1420 3327 1486 3376 ad
1545 3340 1765 3391 corpora
1806 3327 2060 3388 materiae,
2104 3327 2205 3374 estc.
2252 3324 2343 3388 qui
2387 3331 2491 3374 ter-

1420 3401 1589 3451 minus
1613 3401 1821 3451 ultimus
1844 3408 1927 3449 est
1951 3398 2301 3449 meditationis
2318 3396 2491 3462 physi-

1420 3492 1516 3527 cae.
1552 3476 1675 3527 Fab.

1483 3558 1580 3603 251
1616 3550 1885 3615 Postremo]
1932 3552 2048 3601 Vox
2091 3556 2174 3601 est
2209 3548 2492 3613 objectioni

1421 3629 1672 3681 servieus.
1740 3628 1905 3678 Dicet
1927 3627 2133 3690 aliquis,
2149 3633 2371 3691 pereunt
2398 3626 2492 3675 im-

1421 3708 1576 3759 bres:
1617 3706 1717 3756 imo
1735 3719 1837 3755 non
1863 3712 2120 3770 pereunt;
2164 3718 2283 3753 nam
2307 3702 2494 3753 exiliis

1421 3786 1560 3835 laetae
1602 3783 1800 3848 fruges,
1851 3782 2020 3846 pueri,
2068 3782 2281 3844 puellae‚
2344 3794 2496 3842 rosae,

1421 3861 1547 3924 lilia,
1568 3860 1767 3923 leones,
1788 3860 2082 3923 pantherae,
2103 3858 2291 3908 omnia.
2326 3857 2446 3908 Fab.

1417 3976 1424 3981 -
1487 3943 1584 3990 251
1621 3939 1888 4001 Postremo,
1902 3937 2007 4002 ξω]
2042 3937 2301 3989 Quoniam
2320 3943 2496 3987 antem

1421 4033 1508 4070 res
1534 4019 1799 4084 plerasque
1839 4018 1966 4080 sint,
1997 4031 2115 4082 quae
2152 4016 2494 4066 dum.dissol-

1423 4102 1635 4156 vuntur,
1652 4096 1731 4145 ita
1752 4109 1819 4143 ex
1841 4095 2003 4144 oculis
2024 4084 2361 4157 manibusque
2377 4107 2498 4142 eva·

1420 4177 1664 4228 nescunt,
1687 4178 1745 4220 ut
1764 4183 1972 4234 prorsus
1996 4170 2166 4233 perire
2192 4168 2355 4218 videri
2375 4183 2494 4231 pos-

1421 4255 1575 4308 sunt3
1602 4254 1778 4297 mouet
1800 4246 1880 4295 his
1905 4250 1985 4297 16.
2006 4258 2107 4295 vss.
2127 4244 2319 4294 imbres
2335 4244 2496 4316 ipsos,

1423 4325 1512 4390 qui
1568 4325 1625 4374 in
1670 4329 1870 4374 terram
1924 4321 2229 4371 decidentes
2274 4320 2495 4375 maxime
