3009 4925
495 450 562 502 Τ.
613 451 968 503 ῑιΰΟΒΒΤΙΙ
1017 452 1196 504 cam
1250 453 1345 504 DE
1393 453 1660 507 RERUM
1710 458 1890 508 NAT.
1936 458 2080 509 [ΑΒ.
2129 461 2177 510 1.

248 597 383 657 sset.-
402 596 477 647 ‚de
498 612 601 663 quo
625 595 841 663 genere'
860 598 981 652 alibi
1021 597 1179 663 infra,
1209 605 1299 648 aut

261 682 411 725 certe.
443 676 497 724 in
534 678 942 727 *commentariis
996 678 1254 728 Plautinis
1282 693 1297 728 z

261 766 375 816 quos
410 753 712 817 propediem
747 754 939 805 edituri
972 770 1163 818 sumus,
1184 758 1301 806 Deo

262 830 585 892 approbante.
605 830 772 881 hub.
806 831 1155 894 Quasisuerit.
1192 831 1301 882 Alii

263 904 399 955 m.-
430 915 487 956 et
508 907 735 956 Possidet
760 907 979 958 Veteres
1009 922 1106 972 pro
1137 909 1301 958 Possi-

260 982 372 1032 deat.
391 984 604 1034 (heoeh.

307 1060 547 1124 Possidet]
564 1061 860 1125 Possideat,
872 1017 1114 1127 occupet.
1136 1063 1303 1114 Lamb-

271 1139 409 1187 -888
431 1138 779 1203 celerantibus]
810 1140 1137 1190 neumatibus
1156 1146 1301 1190 vete-

261 1228 334 1265 res
366 1217 591 1281 qnidam.
630 1217 739 1279 th.
803 1217 889 1267 Sic
925 1219 1118 1270 liabent
1154 1231 1302 1284 quat-

261 1295 385 1341 tuor·
405 1293 519 1342 libri
563 1292 928 1356 manuscripti,
970 1300 1026 1344 et
1070 1295 1303 1345 nonnulli

259 1367 383 1430 typis
430 1368 692 1432 impressi,
735 1383 865 1434 quos
917 1375 1125 1419 secutus
1169 1384 1301 1421 sum.

260 1442 370 1506 Alii,
386 1447 559 1494 circen
580 1446 884 1495 densantibus
916 1448 1065 1497 euris.
1096 1449 1304 1498 celeran-

259 1519 597 1584 morantem,
628 1521 663 1573 i.
684 1536 732 1572 e.
753 1522 1183 1586 accelerantibus,
1218 1539 1303 1574 ur·

261 1596 501 1660 gentibus,
569 1604 628 1648 et
692 1599 935 1650 celeriter
990 1601 1306 1663 pellentibus

262 1672 433 1726 nerem.
479 1674 651 1725 Lamb.
728 1675 905 1741 Aliqui
943 1677 1303 1730 Densuntibus:

261 1752 388 1802 nullo
402 1753 558 1816 plane
580 1767 750 1803 seusu·
789 1755 981 1804 Cressis.

270 1833 407 1879 :⁸9⁰
430 1829 703 1894 Θουρίου-α]
737 1831 853 1881 Ita
848 1833 1159 1896 conjectura
1181 1785 1303 1883 duc·

241 1906 552 1979 >tusscripsi.
578 1907 717 1972 vulg.
755 1909 993 1972 compleri.
1028 1910 1136 1960 vid.
1161 1910 1305 1961 Iudi-

261 1995 374 2033 cem.
407 1983 514 2045 Gis.
582 1984 806 2035 Quidam
828 1985 930 2049 legi
965 1987 1305 2037 volunt-Com·

258 2060 387 2123 plere,
424 2067 483 2110 ut
520 2062 596 2111 sit
630 2060 716 2111 hic
750 2061 914 2112 ordo=
948 2063 1171 2127 isporro
1203 2079 1306 2114 non

261 2136 439 2198 poterit
467 2151 579 2187 uno
609 2143 847 2202 tempore
884 2145 1050 2189 totum
1082 2141 1308 2204 spatium

259 2214 523 2278 complere,
554 2216 811 2279 quamvis,
832 2218 931 2266 dte.
964 2216 1134 2269 lanzo.
1169 2218 1307 2268 Com·

258 2292 373 2354 plere
390 2291 499 2343 Gif.
519 2293 741 2358 perinde
765 2302 866 2345 est.
901 2296 1097 2345 creeris.
1169 2299 1308 2348 cm-

253 2368 365 2429 pleri
400 2375 579 2419 tamen
608 2384 787 2421 omnes
822 2371 1016 2422 habeut
1037 2374 1165 2423 Mss.
1194 2375 1308 2439 qui·

260 2440 456 2497 boscum
475 2447 669 2512 sentio,
683 2453 811 2513 apto
827 2452 953 2500 satis
971 2465 1146 2504 seusu.
1172 2452 1308 2504 Hac.

260 2520 441 2574 Forsan
489 2526 722 2589 complere
765 2526 1045 2591 scripserat
1088 2528 1307 2593 Auctor,

257 2596 664 2663 improbantibus
687 2601 931 2666 librariis,
957 2604 1142 2669 quibus
1164 2606 1215 2655 id
1240 2608 1311 2657 ob

258 2678 397 2726 metri
436 2679 712 2740 rationem,
754 2678 1040 2743 displIeuit.
1129 2683 1311 2734 Simile

258 2750 446 2804 facqus
478 2755 761 2807 admissum
794 2757 960 2807 videri
999 2760 1138 2824 apud
1164 2761 1309 2827 virg.

259 2827 363 2880 ΕΒ.
389 2838 439 2882 6.
475 2835 594 2883 168.
633 2846 715 2882 me
753 2834 955 2883 monuit
992 2836 1088 2886 Vir
1125 2836 1310 2889 doctus

260 2905 475 2970 quidam,
490 2907 723 2973 mihique
746 2910 1103 2975 amicissimus,
1122 2913 1212 2963 ubi
1241 2916 1310 2965 le·

260 2981 439 3044 simus:
462 2986 479 3013 ‘
493 2985 675 3036 Littus
697 3001 831 3050 ama,
846 2988 1072 3040 etlaevas
1092 2991 1316 3055 stringat

259 3058 606 3125 siue-pnlmnh
626 3064 841 3114 cautes.'
888 3066 1033 3115 Lem
1055 3066 1315 3119 substitue

261 3147 349 3197 pro
365 3139 527 3202 leons,
555 3146 611 3190 et
634 3155 815 3191 sensus
838 3143 961 3193 erit·
976 3145 1222 3208 optimus,
1253 3159 1315 3195 ac

258 3225 427 3264 versus
451 3216 570 3279 ipse
606 3216 769 3266 multo
801 3217 1122 3283 concinnior,
1143 3220 1318 3270 Iam

259 3297 409 3343 astes
443 3293 932 3360 dixisse.Virgilius
970 3298 1143 3360 potuit
1178 3299 1314 3363 quod

260 3368 323 3417 sd
362 3370 551 3421 lterum
585 3371 779 3435 navigii
820 3374 955 3423 latus
974 3381 1186 3438 essent3
1221 3376 1314 3426 sed

259 3444 341 3495 abi
360 3446 565 3497 dextrae
585 3460 687 3497 nou
708 3455 877 3513 erant,
899 3464 929 3499 a
951 3450 1135 3515 quibus
1156 3451 1316 3503 debe·

261 3519 381 3573 baut
420 3523 694 3588 distingui,
732 3524 955 3575 otiosum
1008 3527 1162 3577 nimis
1208 3529 1316 3578 tale

261 3597 461 3651 videtur
484 3600 802 3664 Epithetou.·
857 3602 977 3654 Quo
1000 3612 1175 3653 autem
1197 3618 1314 3654 cnm

262 3675 494 3740 stridore,
511 3690 767 3740 quamque
785 3677 991 3741 ingrato
1007 3694 1164 3731 voces
1180 3681 1313 3732 illoez

262 3749 423 3803 Iam
457 3753 674 3815 aanor
708 3753 1036 3817 pronunciari
1069 3756 1316 3820 debeant,

262 3825 433 3879 dicere
449 3828 580 3878 nihil
595 3829 807 3879 attinet.
841 3831 1012 3893 Preig.

322 3906 538 3957 Primum
558 3907 807 3971 quemquo]
823 3908 1040 3960 Vossius
1061 3909 1194 3974 legit
1211 3910 1317 3975 pri·

262 3999 364 4033 vass
383 3986 597 4049 quisvis,
618 3999 806 4049 nempe
832 3986 941 4036 aer.
964 3993 1020 4039 et
1038 3988 1114 4039 sic
1125 3990 1318 4052 privum

264 4071 316 4110 et
347 4062 515 4125 prim
546 4069 725 4112 noster
743 4069 929 4113 auctor
968 4074 1188 4130 usurpet
1224 4081 1315 4119 ιιι.

264 4140 372 4187 ⁷2⁸.
396 4152 477 4192 ιν.
499 4142 614 4189 670.
640 4152 693 4187 v.
715 4143 829 4188 275.
862 4140 994 4191 Hm.

325 4217 421 4264 ⁸92
454 4214 822 4277 Quodsisorte,
843 4216 953 4280 δρα]
985 4219 1041 4269 si
1077 4219 1192 4284 quis
1228 4234 1317 4270 au-

265 4294 367 4339 tem
383 4290 601 4357 (iuquit)
618 4297 772 4354 putat
788 4291 888 4342 duo
906 4295 1121 4358 grandia
1139 4303 1195 4346 et
1212 4297 1319 4346 lata

267 4377 484 4430 corpora
502 4365 726 4416 dissilire
749 4379 918 4433 posse,
946 4385 1051 4421 non
1076 4372 1215 4436 quod
1249 4374 1318 4424 sit

2298 445 2434 513 959

1374 613 1611 660 vacuum,
1641 601 1732 652 sed
1757 603 1906 668 quod
1939 595 2033 653 aer
2065 597 2124 653 se'
2142 603 2432 664 contrahat,

1373 684 1433 727 et
1491 678 1797 744 condenset,
1845 693 2067 745 suasque
2122 680 2320 744 parteis
2377 679 2433 728 in

1372 768 1531 803 nuum
1553 757 1788 820 colligat,
1808 762 1970 807 errat.
2037 757 2172 807 Nam
2211 756 2434 821 primum

1374 844 1470 894 per
1508 830 1777 883 dissultum
1820 831 1986 898 illum,
2029 834 2082 883 id
2126 833 2280 900 quod-
2311 840 2436 885 aute

1374 913 1489 956 erat
1546 910 1755 972 plenum
1799 909 1862 960 fit
1901 910 2080 961 inane:
2131 917 2189 961 et
2230 917 2438 971 contra,

1374 985 1510 1048 quod
1532 993 1649 1035 erat
1669 987 1839 1049 inane,
1870 986 1931 1036 iit
1949 988 2186 1050 pleuunn
2220 1000 2320 1037 nec
2341 986 2439 1037 tali

1375 1061 1599 1124 ratione,
1632 1075 1823 1126 nempe
1845 1077 1943 1127 per
1957 1077 2231 1126 corporum
2255 1062 2439 1114 dissul-

1376 1144 1506 1199 turn,
1538 1146 1716 1201 potest
1737 1139 1829 1189 aiii·
1845 1139 2048 1200 densari
2064 1155 2080 1188 z
2115 1146 2173 1188 et
2191 1138 2234 1188 si
2257 1138 2438 1205 demus

1375 1227 1549 1277 posse,
1583 1229 1685 1264 non
1724 1225 1901 1278 posset
1939 1223 2117 1266 tamen
2147 1216 2257 1265 sine
2280 1215 2439 1266 inani.

1376 1290 1631 1341 Densatio
1669 1292 1806 1341 euim
1836 1292 1960 1341 nihil
1991 1292 2131 1342 aliud
2153 1299 2253 1352 est,
2287 1306 2439 1358 quam

1377 1366 1602 1431 partium
1641 1367 2016 1432 disjunctarum
2054 1375 2112 1419 et
2147 1370 2440 1420 laxstarum

1377 1443 1669 1494 contractio
1702 1452 1759 1495 et
1796 1446 2138 1508 compressio.
2175 1453 2230 1496 at
2249 1437 2450 1497 nullius

1380 1518 1542 1569 totius
1577 1528 1758 1583 partes
1796 1522 2032 1571 contrahi
2079 1528 2311 1586 possunt,
2340 1521 2440 1570 nisi

1377 1594 1726 1659 intelligamus
1762 1597 2015 1646 inclusum
2052 1597 2102 1646 in
2136 1612 2200 1646 eo
2222 1611 2335 1648 esse
2356 1612 2443 1648 va·

1379 1684 1554 1733 cuum,
1588 1688 1680 1723 seu
1721 1674 1891 1723 inane.
1919 1687 2036 1723 nam
2072 1674 2116 1723 si
2158 1673 2351 1722 nullum
2386 1673 2441 1722 in

1380 1757 1446 1797 eo
1486 1755 1601 1799 toto
1637 1759 1782 1800 esset
1817 1750 1990 1813 inane,
2023 1749 2075 1799 id
2112 1755 2277 1799 totum
2301 1756 2442 1799 esset

1378 1824 1598 1875 solidum
1616 1834 1671 1877 et
1691 1827 1916 1891 plenum.
1979 1826 2034 1876 Si
2057 1828 2265 1890 plenum
2290 1832 2447 1891 esset,

1381 1913 1510 1964 ergo
1543 1902 1595 1951 id
1628 1917 1819 1968 corpus
1841 1917 1958 1953 snas
1981 1903 2178 1967 parteis
2200 1917 2304 1953 uon
2327 1917 2443 1967 pos-

1381 1986 1467 2028 set
1489 1979 1541 2028 in
1564 1994 1720 2029 unnim
1744 1981 1908 2045 magis
1930 1980 2253 2031 contrahere.
2275 1979 2444 2030 Lumo.

1383 2056 1792 2121 Responsionem
1837 2064 2195 2123 praeoccupat,
2244 2058 2445 2122 impug-

1383 2139 1578 2199 natque
1603 2135 1879 2185 Lucretius
1911 2150 1986 2186 vs.
2018 2141 2069 2185 8.
2137 2135 2243 2185 Hic
2266 2147 2447 2184 versus

1382 2211 1584 2277 aliquos
1630 2212 1906 2277 excidisse,
1948 2214 2286 2279 mutilumque
2329 2224 2448 2262 esse

1382 2288 1521 2339 huuc
1559 2290 1730 2339 locum
1766 2304 1973 2355 semper
2003 2290 2257 2354 judicavi.
2304 2289 2448 2339 Prae-

1384 2363 1682 2416 clara'enim
1704 2366 2014 2431 Responsio,
2045 2369 2061 2395 ‘
2084 2367 2318 2417 Vacuurn
2340 2379 2446 2415 non

1383 2449 1485 2507 est,
1508 2444 1751 2509 quoniam
1776 2444 1868 2495 abir
1900 2444 2247 2496 condensatur
2261 2442 2296 2494 ι’
2334 2443 2448 2510 quis

1383 2528 1560 2571 autem
1601 2521 1895 2586 intelligat?
1937 2522 2161 2586 ideoque
2197 2521 2335 2571 hunc
2373 2523 2450 2571 lo-

1384 2596 1634 2647 cnm.ita.
1663 2611 1850 2648 censeo
1888 2598 2269 2662 supplendum:
2315 2598 2448 2648 Cum

1386 2671 1490 2733 duo
1529 2672 1632 2723 ista
1674 2687 1898 2737 corpora
1942 2681 2279 2739 concurrant,
2309 2674 2450 2723 inter

1387 2764 1564 2803 eorum
1610 2751 1931 2815 superfieIes,
1975 2751 2064 2800 aiir
2123 2751 2449 2814 interceptus

1386 2827 1753 2889 condensatur,
1776 2827 1960 2878 saltem
1983 2828 2035 2878 in
2057 2826 2449 2891 superficierum

1387 2904 1701 2954 caritatibus
1736 2905 1907 2971 (nulla
1929 2905 2066 2955 euim
2088 2918 2310 2969 corpora
2332 2918 2451 2969 per·

1389 2979 1532 3037 fecte
1570 2981 1748 3045 plana)
1782 2983 1946 3032 latet:
1983 2996 2098 3031 cum
2142 2995 2264 3032 vero
2300 2980 2452 3032 dissi·

1389 3057 1521 3109 liant
1542 3057 1644 3108 ista
1664 3072 1905 3121 corpora,
1932 3056 2024 3107 ser
2058 3058 2159 3107 iste
2185 3057 2455 3122 intercep-

1390 3143 1473 3186 tus
1494 3137 1704 3200 rarefit3
1727 3139 2052 3204 spatiumque
2074 3137 2212 3189 inter
2229 3137 2333 3187 duo
2353 3139 2456 3188 ista

1392 3229 1612 3278 corpora
1656 3215 1968 3265 dissilientia
2004 3220 2188 3280 patens
2224 3222 2458 3280 occupat

1393 3299 1449 3341 et
1484 3291 1690 3355 implet.
1755 3291 1926 3355 Urget
1957 3298 2138 3341 autem
2157 3290 2456 3354 Lucretius,

1394 3369 1526 3420 Cum
1579 3370 1684 3419 ista
1736 3368 1841 3418 duo
1882 3382 2104 3432 corpora
2147 3372 2458 3431 separentur

1393 3436 1547 3501 inane
1565 3445 1679 3496 fieri
1704 3460 1935 3508 necesse,
1963 3445 2105 3512 (quis
2139 3445 2276 3495 enim
2298 3448 2461 3508 neget

1394 3537 1514 3589 oum
1548 3524 1601 3572 in
1636 3522 1891 3588 aliquibus
1919 3522 2116 3571 saltem*
2139 3520 2376 3585 partibus
2397 3533 2456 3570 se

1392 3600 1613 3650 invicem
1647 3595 1982 3663 tangebant,)
2016 3604 2075 3647 et
2097 3596 2153 3647 id
2175 3597 2327 3647 inane
2354 3598 2454 3646 ite·

1393 3690 1508 3727 rum
1549 3674 1615 3725 ab
1649 3675 1773 3727 aere
1807 3675 2032 3740 repleri;
2064 3674 2288 3740 ideoque
2312 3675 2462 3740 prius

1395 3760 1758 3819 argumentum
1773 3752 1976 3802 firmum
1991 3751 2116 3802 satis
2131 3766 2246 3802 esse
2263 3757 2320 3802 et
2341 3764 2460 3801 cer·

1395 3838 1524 3881 tum.
1570 3830 1741 3894 Urget
1765 3829 1995 3895 insuper,
2026 3828 2199 3880 aerem
2224 3842 2327 3878 non
2349 3842 2456 3877 om·

1395 3907 1518 3958 nino
1546 3907 1871 3970 condensari,
1902 3908 1988 3956 vel
2018 3906 2064 3956 si
2086 3905 2458 3968 condensetur,

1395 3999 1462 4035 ex
1506 3986 1609 4036 ista
1646 3984 2052 4036 condensationc
2089 3990 2267 4033 tamen
2309 3982 2461 4046 sequi

1394 4061 1548 4111 inane
1581 4075 1727 4112 essex
1763 4061 2005 4126 qnoniam
2042 4057 2323 4110 absurdum
2360 4063 2462 4118 est,

1394 4150 1550 4186 unam
1607 4136 1928 4201 eandemque
1977 4136 2208 4186 materia
2243 4134 2459 4187 molem

1396 4213 1675 4278 aliquando
1732 4215 1896 4278 majus
1957 4210 2235 4277 aliquando
2288 4210 2457 4258 minus

1396 4291 1620 4354 spatium
1656 4303 1933 4354 occupare,
1971 4288 2073 4339 nisi
2113 4287 2269 4337 inane
2303 4289 2461 4336 esset.

1401 4368 1594 4421 Creecll·
