3009 4925
491 415 624 490 934

494 592 580 637 est
600 597 735 634 nova
757 580 941 632 vitium
980 579 1158 645 capita
1193 579 1333 630 humi
1364 579 1559 643 depan-

496 675 643 728 gere.
727 658 924 710 Scribit
975 656 1331 721 Tranquillus,
1382 656 1558 720 gravis

493 745 677 788 auctor
707 736 760 785 iu
800 733 996 798 primis,
1026 733 1282 782 Caesarem
1305 730 1560 780 Domitia-

495 829 620 866 num
649 811 862 876 jussisse
894 809 972 858 uti
995 807 1151 858 ltalia
1186 819 1336 856 nemo
1357 806 1560 854 maella-

494 896 590 952 ret,
611 890 662 939 h.
685 900 732 938 e.
756 887 929 936 vineta
949 884 1193 935 reficeret
1210 889 1266 932 et
1281 889 1563 932 renovaret

498 965 735 1031 depactis
756 963 975 1014 novellis
1012 959 1233 1010 vitibus:
1270 972 1421 1024 quem
1455 971 1562 1007 uon

498 1044 567 1095 ob
592 1044 742 1094 aliam
764 1054 998 1092 caussam
1021 1038 1192 1102 carpit
1213 1034 1523 1100 Apollonius
1545 1051 1559 1083 ε

498 1128 745 1185 tanquam
795 1117 1051 1167 vetuisset
1102 1114 1363 1165 eunuchos
1408 1110 1558 1161 fieri:

499 1206 557 1250 et
578 1204 770 1248 terram
792 1194 981 1245 fecerit
1009 1192 1315 1244 eunucham.
1383 1190 1560 1242 Novel-

500 1278 644 1326 letum
666 1289 698 1323 a
719 1272 937 1323 novellis
963 1269 1166 1320 -vitibus
1201 1268 1393 1318 dicitur
1412 1268 1560 1317 locus

501 1349 873 1417 propaginibus
916 1345 1217 1412 vitiligineis
1261 1345 1405 1395 novis
1436 1358 1560 1394 con·

501 1428 667 1478 situs:
702 1425 858 1476 etita
891 1424 1053 1474 debes
1090 1423 1388 1486 intelligere
1421 1419 1562 1485 apud

501 1504 723 1554 Paulum
756 1501 1180 1567 jurisconsultum
1221 1497 1451 1564 quamvis
1490 1495 1563 1547 ibi

499 1593 775 1646 perperam
797 1579 1105 1629 novelletum
1124 1576 1399 1627 scribatur.
1429 1576 1564 1626 Pius.

572 1658 782 1708 Menteis
801 1655 1029 1718 novellas]
1066 1655 1134 1703 H.
1172 1669 1220 1706 e.
1247 1654 1390 1718 quod
1411 1654 1563 1704 Grae·

505 1735 555 1785 ci
574 1733 747 1799 poete
769 1733 967 1794 dicunt,
987 1730 1174 1781 ἁπαλὰς
1193 1728 1381 1795 φρένας.
1419 1731 1564 1791 Lege

503 1823 621 1876 quae
656 1809 722 1859 ad
749 1809 893 1859 ilium
930 1823 1136 1859 versum
1169 1808 1472 1872 scripsimus
1515 1810 1565 1857 8.

503 1893 618 1939 760.
700 1887 717 1915 ‘
745 1886 963 1936 Scilicet
1015 1886 1067 1933 iu
1119 1891 1301 1935 tenero
1335 1891 1567 1934 teneras·

504 1981 628 2018 ocre
668 1979 888 2029 corpore
923 1971 1149 2016 mentem
1186 1979 1291 2015 uon
1327 1962 1568 2028 fugient-³

570 2121 763 2171 Mentes
795 2120 1020 2183 smila]
1058 2119 1255 2170 Versus
1287 2120 1445 2183 plane
1479 2118 1569 2169 ad·

506 2197 784 2260 mirabilis,
832 2211 922 2246 seu
978 2197 1196 2262 physico
1245 2211 1338 2247 seu
1390 2197 1568 2247 ethico

509 2274 742 2336 homini;
784 2272 973 2324 ἁπαλὰς
992 2272 1180 2339 φρένας,
1198 2272 1432 2338 μαλακὰς,
1463 2277 1565 2325 &c.

567 2432 667 2480 204
685 2428 883 2487 Quando
895 2429 1018 2495 alid]
1035 2430 1082 2482 1.
1099 2446 1149 2483 e.
1167 2430 1410 2498 quoniam
1428 2429 1569 2481 aliud

508 2521 574 2558 ex
600 2507 703 2556 alio
724 2515 910 2559 natura
933 2510 1122 2573 reiicit,
1150 2517 1210 2559 et
1240 2516 1469 2574 reparat.
1492 2508 1569 2557 sic

506 2590 684 2635 antem
735 2585 1083 2651 loquebantur
1124 2593 1333 2637 veteres
1377 2588 1470 2636 aiis
1512 2591 1570 2634 et

503 2663 624 2725 alid,
665 2676 763 2727 pro
795 2664 919 2712 clius
956 2671 1011 2714 et
1047 2664 1194 2713 aliud.
1262 2663 1459 2713 Catuli.
1502 2662 1568 2711 de

506 2752 657 2791 coma
697 2739 979 2790 Berenices
1021 2755 1177 2790 versu
1218 2745 1302 2791 28.
1337 2760 1344 2767 ·
1377 2740 1569 2791 ‘Anne

507 2814 700 2866 bouum
717 2814 881 2865 oblita
914 2830 969 2864 es
997 2814 1221 2878 facinus,
1244 2830 1345 2882 quo
1369 2818 1568 2882 regium

507 2891 703 2955 adepta
734 2905 792 2941 es
825 2892 1166 2956 eonjugium:
1207 2907 1309 2957 quo
1342 2907 1446 2942 uon
1467 2892 1572 2941 for-

507 2966 611 3016 tius
630 2966 767 3016 ausit
782 2966 876 3016 alis
891 2966 925 3016 ?’
948 2967 1060 3017 Alis
1077 2983 1173 3032 pro
1187 2969 1311 3018 alins
1325 2968 1575 3019 dixerunt

508 3046 727 3111 antiqui,
747 3046 918 3111 inquit
940 3046 1114 3098 Prisc.
1137 3047 1228 3097 lib.
1256 3051 1335 3099 12.
1360 3055 1416 3098 et
1435 3048 1573 3098 Sosi·

507 3128 662 3186 pater
704 3121 794 3174 lib.
835 3127 884 3173 2.
947 3124 1174 3174 Veteres
1217 3139 1324 3174 nou
1365 3132 1572 3181 tantum

506 3199 630 3249 aliu
649 3198 914 3264 dixerunt,
933 3200 1024 3250 sed
1051 3201 1207 3251 etiam
1241 3203 1347 3252 alis.
1381 3210 1441 3253 ut
1460 3203 1571 3253 Sul·

506 3278 633 3326 lust.
699 3275 847 3326 ‘Alis
885 3277 1008 3327 alibi
1045 3285 1259 3344 stantes,
1297 3292 1474 3330 omnes
1498 3286 1573 3330 ta-

506 3369 624 3406 men
640 3355 870 3406 adversis
889 3356 1186 3408 vulneribus
1197 3358 1573 3410 conciderunt?

504 3432 708 3483 Iterum
730 3434 941 3485 Lucret.
976 3433 1114 3485 infra
1146 3438 1261 3486 408.
1328 3436 1447 3487 ‘Sic
1466 3435 1570 3485 alid

506 3524 574 3560 ex
598 3511 701 3562 alio
722 3526 819 3576 per
839 3517 894 3562 te
931 3518 1046 3563 tute
1077 3514 1191 3578 ipse
1230 3514 1411 3565 videre
1432 3512 1573 3564 Tali·

505 3587 604 3638 bus
640 3589 693 3638 in
716 3588 873 3640 rebus
913 3590 1146 3654 poteris!
1177 3592 1315 3642 idem
1340 3592 1568 3643 ibidem:

507 3668 654 3716 1108.
719 3667 735 3696 ‘
761 3668 1001 3732 Namque
1034 3669 1138 3719 alid
1162 3684 1228 3720 ex
1251 3670 1352 3720 alio
1375 3672 1572 3722 clares-

506 3739 630 3791 cet!
670 3748 726 3790 et
765 3745 814 3792 8.
857 3747 972 3793 988.
1033 3745 1157 3795 ‘Sic
1200 3747 1305 3797 alid
1349 3763 1417 3797 ex
1469 3749 1571 3800 alio

508 3831 785 3882 numquam
819 3818 1040 3870 desistet
1070 3822 1236 3872 oriri.’
1270 3832 1326 3875 et
1347 3830 1398 3878 6.
1422 3830 1570 3877 1304.

506 3892 628 3942 ‘Sic
672 3893 774 3943 alid
819 3909 885 3943 ex
927 3896 1029 3946 alio
1070 3900 1279 3963 peperit
1311 3901 1572 3952 discordia

504 3967 704 4019 tristis!
770 3970 922 4023 Quod
948 3979 1118 4023 autem
1143 3975 1355 4041 quidam
1375 3979 1571 4027 Thraso

511 4047 586 4096 ait
607 4054 814 4098 veteres
836 4048 1029 4103 dixisse
1065 4055 1159 4103 alis
1199 4056 1470 4119 pro-alim,
1503 4055 1571 4105 de

507 4124 609 4173 alid
651 4126 842 4177 nullam
880 4127 997 4179 fieri
1042 4132 1396 4182 mentionem:
1446 4131 1570 4197 quid

508 4200 623 4250 istis
672 4203 828 4253 asinis
872 4203 1076 4256 facias?
1111 4208 1259 4277 quasi
1307 4222 1432 4258 vero
1467 4223 1570 4258 non

509 4277 634 4328 satis
655 4280 742 4345 sit,
765 4284 1125 4345 grammaticos
1164 4291 1371 4334 veteres
1394 4283 1570 4335 admo·

1201 432 1420 484 No‘rAE
1469 429 1870 483 vAmoRUM
1920 431 2001 483 IN

1634 575 1843 642 unisse,'
1862 574 1956 627 ulis
1993 581 2301 640 usurpatum
2336 589 2451 627 esse
2477 575 2546 627 ab
2568 578 2699 627 anti·

1635 655 1749 719 quis
1773 669 1869 719 pro
1886 653 2027 717 alins,
2058 661 2112 703 ct
2133 668 2235 703 non
2272 668 2337 703 eo
2373 654 2488 718 ipso
2510 653 2698 718 signifi-

1634 731 1806 782 carint
1837 730 1996 781 etiam
2028 732 2130 781 ulid
2167 731 2378 781 eosdem
2418 745 2698 796 usurpasse

1638 822 1730 873 pro
1751 809 1895 858 aliud.
1962 807 2068 857 Sed
2095 807 2216 872 quid
2238 821 2372 871 opus
2411 815 2497 858 est
2528 807 2699 858 admo·

1636 884 1835 935 uitione
1857 884 2349 947 Grammaticorum,
2381 899 2501 934 cum
2525 891 2584 935 et
2606 885 2702 935 Ca·

1639 962 1795 1013 tullus
1838 963 1890 1012 iu
1926 976 2076 1011 coma
2117 961 2405 1012 Berenices
2439 963 2702 1028 usurparit

1636 1040 1747 1104 alis,
1781 1053 1878 1103 pro
1898 1038 2044 1100 alias,
2078 1046 2137 1088 nt
2168 1053 2328 1110 supra
2363 1040 2701 1100 ostendimus,

1637 1123 1695 1165 et
1732 1116 1835 1166 ulid
1877 1130 1973 1180 pro
2015 1117 2178 1165 aliud?
2209 1117 2286 1165 sic
2332 1117 2467 1165 enim
2512 1115 2604 1165 ille
2636 1117 2699 1166 ad

1636 1193 1887 1243 Manlium
1911 1207 1986 1243 vs.
2004 1197 2118 1243 140.
2152 1194 2169 1221 ‘
2191 1193 2307 1243 Nec
2329 1198 2538 1243 tantum
2554 1191 2704 1243 niveo

1636 1272 1814 1335 gavisa
1835 1276 1916 1320 est
1937 1269 2042 1319 ulla
2061 1269 2301 1320 columbo
2323 1270 2579 1333 Compar,
2614 1283 2703 1319 seu

1638 1349 1764 1415 quid
1818 1348 1925 1398 alid
1976 1347 2174 1398 dicitur
2223 1347 2553 1411 improbius!
2616 1346 2703 1398 Sic

1638 1433 1811 1477 autem
1835 1427 1955 1491 lego
1993 1425 2132 1491 apud
2166 1425 2449 1476 Catullum.
2489 1431 2547 1475 et
2580 1425 2703 1475 item

1640 1502 1893 1553 Ausonius
1923 1503 1974 1551 in
2000 1501 2306 1566 epigramm.
2342 1515 2447 1551 nou
2487 1501 2644 1565 longe
2675 1516 2706 1550 a

1639 1579 1861 1644 princip.
1933 1579 1950 1607 ‘
1972 1578 2061 1628 Sic
2093 1579 2230 1628 enim
2268 1578 2353 1628 ille
2376 1595 2392 1625 ι
2448 1577 2711 1628 ‘Suasisti

1640 1656 1818 1707 Venus
1838 1657 1972 1706 alma
1993 1655 2124 1705 duos
2145 1652 2347 1718 δυσέρυς
2367 1661 2427 1705 ut
2442 1668 2709 1704 amarem:

1642 1731 1776 1784 Odit
1799 1746 1882 1780 me
1904 1739 2157 1796 utraque:
2193 1731 2296 1780 alid
2322 1729 2390 1780 da
2407 1730 2571 1780 modo
2589 1743 2710 1780 con·

1642 1807 1849 1860 sliium.’
1936 1808 2213 1859 Postremo
2267 1807 2469 1874 liquido
2526 1807 2711 1871 jurare

1642 1902 1872 1952 possum,
1893 1887 1968 1937 sic
1992 1887 2241 1952 scriptum
2268 1900 2381 1936 esse
2409 1886 2465 1935 iu
2503 1885 2711 1935 duobus

1640 1967 1790 2016 libris
1822 1965 2161 2030 manuscript.
2207 1964 2410 2014 Bertin.
2453 1970 2512 2013 et
2544 1963 2713 2013 Mem-

1641 2044 1830 2094 miano.
1863 2043 2034 2094 Lamo.
2496 2089 2517 2102 ,
2714 2055 2719 2060 ¹

1705 2121 1848 2186 Alia]
1872 2121 1915 2172 1.
1939 2136 1988 2171 e.
2029 2121 2180 2183 aliud,
2216 2115 2466 2171 dicebant
2496 2119 2596 2170 alis
2616 2132 2709 2185 pro

1641 2198 1784 2250 suns.
1836 2197 1921 2248 adi
1968 2197 2164 2248 Muret.
2206 2196 2271 2247 ad
2311 2196 2597 2259 Catullum,
2650 2201 2708 2245 ut

1644 2282 1701 2326 et
1715 2276 2057 2339 scaligerum.
2124 2275 2261 2326 Item
2283 2275 2493 2326 Manut.
2530 2273 2599 2323 ad
2618 2273 2707 2324 Sa·

1642 2353 1763 2403 lust.
1799 2353 1917 2403 Fas.

1706 2428 1850 2493 And]
1893 2427 2073 2479 Aliud.
2137 2429 2269 2482 Alis'
2292 2443 2388 2495 pro
2441 2428 2585 2482 Alias
2621 2441 2707 2478 ve-

1642 2512 1785 2558 teres
1801 2514 2135 2573 usurparunt.
2201 2507 2443 2561 Gifanius
2478 2507 2706 2570 dubitat,

1643 2598 1708 2634 an
1749 2583 1869 2634 Alia
1919 2598 2018 2649 pro
2070 2585 2221 2636 Aliud
2275 2585 2507 2646 dicitur3
2572 2585 2708 2633 banc

1643 2674 1766 2709 vero
1787 2662 2155 2711 coutumeliam
2189 2675 2293 2711 nou
2326 2661 2528 2725 patitur
2561 2661 2709 2710 Lam·

1642 2737 1811 2802 binus,
1848 2738 2166 2802 indignatur,
2189 2737 2339 2802 furit,
2369 2737 2633 2788 Catullum
2656 2742 2710 2785 et

1643 2814 1928 2865 Ausonium
1964 2817 2018 2866 in
2058 2822 2236 2881 partes
2272 2822 2448 2878 vocat,
2490 2822 2547 2865 at
2577 2812 2707 2863 frus·

1646 2899 1762 2944 tra:
1786 2894 1937 2958 jurat
1957 2893 2181 2959 denique
2203 2908 2262 2943 se
2284 2892 2400 2944 Aua
2418 2893 2471 2942 in
2506 2891 2708 2941 duobus

1647 2971 1777 3021 Mss.
1797 2971 2004 3035 legisse.
2069 2972 2142 3021 Et
2177 2970 2276 3020 bac
2314 2968 2544 3020 lectione
2575 2966 2712 3018 frna-

1647 3054 1751 3099 tur.
1789 3049 1983 3100 Crescit.

1711 3125 1857 3188 Alia]
1910 3126 1997 3177 Ita
2030 3128 2335 3176 constanter
2377 3136 2558 3174 omnes
2579 3122 2710 3173 Mss.

1647 3210 1703 3253 et
1749 3203 1988 3266 impressi
2027 3203 2286 3263 melioreS,
2336 3199 2603 3267 quomodo
2647 3213 2713 3248 ex

1645 3280 1754 3330 suis
1805 3280 2070 3330 codicibus
2118 3281 2229 3345 jam
2287 3276 2532 3328 defendit
2558 3294 2563 3299 ·
2588 3275 2723 3327 Ger:

1644 3358 1947 3411 dein-Voss.
1972 3357 2041 3408 de
2065 3356 2199 3407 Arte
2228 3355 2410 3406 Gram.
2446 3369 2493 3403 c.
2514 3358 2598 3404 29.
2621 3351 2713 3403 sed

1645 3433 1824 3485 forsan
1867 3436 1919 3485 in
1964 3435 2233 3485 scansione
2287 3433 2363 3483 ita
2404 3442 2505 3482 usu
2552 3430 2717 3490 venit,

1645 3530 1822 3566 verum
1878 3529 1981 3565 non
2032 3514 2168 3564 male
2210 3512 2341 3562 uliud
2394 3511 2718 3562 scriberetur

1645 3594 1849 3657 ubique.
1883 3594 2016 3643 Hau.

1709 3674 1806 3720 206
1831 3670 1950 3720 Nisi
1978 3674 2131 3720 morta
2164 3669 2378 3733 odjum
2411 3666 2595 3730 alienu]
2628 3665 2721 3716 Sic

1646 3745 1810 3796 Arist.
1837 3746 1924 3796 lib.
1949 3751 1997 3796 1.
2029 3744 2133 3810 περὶ
2153 3743 2387 3807 γενέσεως
2404 3743 2483 3793 καὶ
2504 3744 2684 3808 φθορᾶς
2707 3758 2720 3790 :

1644 3823 1702 3871 Ἢ
1745 3824 1884 3872 τοῦδε
1920 3823 2090 3887 φθορὰ,
2133 3822 2287 3872 ἄλλον
2319 3819 2522 3883 γένεσις·
2566 3821 2646 3871 καὶ
2685 3818 2716 3877 ἧ

1645 3900 1784 3950 τοῦδε
1813 3898 2015 3963 γένεσις,
2051 3899 2203 3950 ἄλλον
2244 3897 2410 3963 φθορά·
2446 3900 2526 3950 sic
2561 3900 2710 3963 vulgo

1649 3980 1886 4043 dicimus,
1914 3977 2120 4029 ‘Ortus
2159 3978 2327 4039 unius,
2373 3978 2594 4028 alterius
2636 3981 2714 4027 est

1647 4057 1927 4107 interitus:
1964 4063 2021 4106 et
2063 4057 2213 4105 unius
2258 4055 2519 4112 interitus,
2571 4059 2708 4103 ortus

1649 4141 1732 4182 est
1764 4133 2019 4183 alterius.'
2082 4132 2233 4183 Idem
2268 4130 2358 4182 lib.
2383 4135 2432 4181 1.
2466 4134 2566 4180 ’νῦν
2597 4129 2713 4192 μετὰ

1646 4207 1709 4258 τὰ
1751 4207 1945 4272 φυσικὰ,
1983 4223 2101 4273 cap.
2136 4212 2188 4258 2.
2254 4206 2434 4272 Atque
2467 4207 2569 4256 boc
2613 4207 2712 4256 ele-

1647 4295 1833 4351 ganter
1856 4286 2103 4351 exprimit
2122 4284 2433 4336 Lucretius:
2469 4285 2613 4336 nulia
2632 4288 2713 4335 res*
