3009 4925
554 383 726 451 1016

554 544 714 597 bent.’
771 545 787 573 ‘
813 543 1086 594 Postremo
1123 548 1245 593 ante
1285 542 1475 592 oculos‘
1501 555 1609 590 rem

556 637 639 674 res
677 621 827 671 finire
863 619 1104 670 videtur!
1167 619 1272 669 Sed
1312 620 1413 668 boc
1449 618 1607 666 satis:

557 713 726 764 neque
768 699 869 748 alia
891 698 1129 761 exempla
1161 697 1260 746 hnc
1296 695 1611 758 congessisse

559 777 768 825 attinet.
804 773 923 823 Fal».
990 773 1156 822 Faber
1200 771 1348 836 legit,
1384 785 1481 820 uec
1521 768 1612 819 ab·

558 851 733 915 surde,
779 849 862 901 Sic
891 850 1013 900 nlius
1052 849 1165 899 aliis
1182 849 1320 899 rebus
1340 863 1415 899 res
1434 847 1613 900 vertier

554 942 729 979 omnes.
764 927 982 977 Creecb.
1152 952 1157 959 ·

619 1008 716 1055 808
748 1004 817 1053 At
854 1004 1103 1066 manifesta
1138 1007 1310 1068 palam,
1344 1005 1449 1069 dm]
1492 1004 1615 1055 Alia

557 1081 807 1145 objectio.
873 1078 949 1130 At
991 1095 1075 1131 res
1118 1095 1292 1130 omnes
1326 1080 1486 1146 (dicit
1521 1081 1615 1130 ali·

560 1158 744 1223 qnis)e
768 1165 910 1210 terra
943 1166 1205 1221 crescunt,
1234 1166 1289 1209 et
1324 1165 1466 1210 terra
1498 1159 1613 1223 ipsa

556 1236 686 1285 nibil
707 1234 816 1287 fere
838 1236 1050 1300 gignere
1084 1243 1279 1300 potest,
1312 1236 1407 1285 nisi
1437 1234 1613 1285 imbri·

557 1312 657 1363 bns
673 1313 936 1376 irrigetur,
956 1318 1012 1363 et
1034 1313 1153 1362 solis
1168 1313 1337 1369 calore
1356 1311 1615 1363 foveatur.

560 1391 700 1454 Ergo
740 1390 890 1454 ignis,
931 1388 1040 1454 aiir,
1084 1403 1238 1455 aqua,
1282 1395 1443 1452 terra,
1493 1394 1615 1438 snut

560 1466 813 1532 principit
830 1479 1017 1515 rerum.
1038 1465 1205 1515 Lamo.
1241 1464 1486 1529 Objectio
1506 1470 1609 1514 est:

561 1544 754 1595 Omnia
774 1558 806 1593 e
829 1550 972 1594 terra
991 1550 1252 1603 crescunt,
1283 1541 1423 1608 quod
1460 1556 1614 1592 nemo

559 1628 748 1686 ποιεῖς
781 1615 875 1673 sed
898 1629 1072 1673 tamen
1094 1622 1196 1674 nisi
1213 1622 1465 1686 benignus
1482 1621 1614 1670 neris

562 1705 733 1763 tepor,
754 1699 844 1748 lux
872 1698 1012 1763 solis,
1037 1706 1094 1749 et
1125 1698 1401 1762 opportuni
1419 1697 1613 1747 imbres

561 1774 835 1837 accedant,
876 1774 1002 1825 nihil
1043 1774 1321 1841 quidquam
1362 1780 1504 1826 terra
1546 1789 1612 1825 ex

560 1867 673 1903 sese
711 1851 1017 1916 progignet3
1051 1866 1177 1916 ergo
1214 1851 1484 1903 fatendum
1517 1858 1616 1915 est,

560 1941 765 1992 aquam,
808 1928 1000 1990 ignem,
1040 1929 1141 1977 διο.
1184 1941 1298 1977 esse
1339 1927 1615 1991 principia.

562 2006 649 2058 'Ad
683 2022 797 2058 eam
836 2007 1182 2071 objectionem
1221 2006 1519 2070 respondet,
1554 2021 1617 2055 ea

562 2098 666 2136 non
701 2084 862 2148 magis
904 2098 1019 2134 esse
1057 2084 1311 2148 principia
1347 2098 1499 2149 qnam
1540 2084 1616 2133 vi·

564 2176 708 2223 num,
745 2160 998 2222 triticum,
1020 2165 1075 2210 et
1113 2161 1232 2224 alia,
1271 2159 1416 2226 queis
1457 2160 1618 2210 vitam

469 2264 474 2270 ·
561 2244 923 2289 sustentamus.
955 2236 1076 2288 1201».
1141 2238 1371 2288 Tandem
1405 2251 1504 2287 νει.
1537 2240 1619 2287 20.

565 2314 911 2380 objectionem
993 2314 1240 2380 proponit
1299 2321 1357 2364 et
1422 2313 1618 2364 solvite

566 2392 791 2449 Plantae,
832 2397 1132 2456 coeteraqne
1175 2391 1413 2440 animalia
1454 2390 1620 2441 nutri-

565 2471 760 2521 tionem
775 2475 831 2520 et
847 2469 1220 2519 incrementum
1238 2483 1382 2518 sunm
1402 2477 1621 2533 quatuor

562 2545 835 2596 elementis
889 2544 1106 2596 debent.
1170 2545 1359 2596 Omnia
1401 2544 1540 2594 enim
1588 2559 1619 2595 e

565 2629 708 2673 terra
744 2629 1007 2685 crescunt,
1052 2622 1189 2688 qnod
1234 2635 1383 2673 nemo
1424 2629 1619 2687 neget3

566 2698 656 2749 sed
683 2707 856 2749 tamen
891 2699 985 2748 nisi
1020 2699 1271 2764 benignus
1294 2698 1427 2749 ae'ris
1451 2706 1622 2765 tepor,

564 2777 708 2825 calor
728 2776 864 2839 solis,
885 2783 942 2826 et
960 2776 1236 2841 opportuni
1260 2775 1448 2825 imbres
1471 2789 1620 2826 acce-

565 2850 711 2914 dant,
757 2851 883 2901 nibil
911 2851 1188 2917 quidquam
1222 2858 1365 2901 terra
1396 2863 1465 2899 ex
1506 2864 1622 2901 sese

565 2926 866 2991 progignet:
890 2939 1015 2989 ergo
1033 2924 1301 2976 fatendum
1324 2932 1405 2975 est
1416 2940 1623 2991 aquam,

564 3003 757 3066 ignem,
777 3004 876 3052 διο.
911 3014 1026 3050 esse
1050 3001 1324 3067 principia.
1390 3003 1621 3067 Respon-

564 3080 657 3130 ‘det
682 3094 755 3131 vs.
778 3083 895 3130 809.
961 3080 1040 3128 Ea
1058 3094 1158 3129 non
1182 3081 1343 3145 magis
1365 3080 1625 3146 principia

562 3166 680 3208 ‘esse
724 3171 878 3223 quam
917 3157 1107 3221 vinnm,
1144 3157 1393 3221 triticum,
1429 3164 1486 3208 et
1524 3158 1625 3209 alia

563 3231 749 3298 quibus
766 3234 926 3285 vitam
941 3239 1305 3285 sustentamus.
1339 3235 1470 3287 Qnae
1487 3235 1624 3285 enim

564 3308 802 3360 nutriunt
823 3305 924 3359 non
949 3318 1070 3360 sunt
1086 3310 1225 3361 illico
1237 3312 1511 3377 principia,
1528 3311 1624 3362 sed

560 3386 654 3435 illa
671 3384 841 3451 potins
864 3401 930 3436 ex
952 3386 1140 3452 quibus
1170 3388 1290 3453 ipsa
1311 3389 1390 3438 sic
1408 3396 1624 3439 contex-

564 3470 724 3512 untur
743 3467 804 3511 ut
824 3462 976 3513 rebus
998 3463 1240 3515 alimento
1256 3463 1377 3515 sint.
1428 3465 1622 3516 Creecls.

629 3543 729 3590 800
760 3539 1021 3603 Faciunt]
1081 3540 1369 3604 Recreant,
1424 3540 1626 3607 fovent,

562 3616 807 3666 muniunt
845 3620 1026 3665 contra
1057 3617 1387 3668 aritudinem.
1474 3618 1625 3668 Dici·

566 3705 681 3742 mus
710 3689 885 3743 focillo
902 3708 919 3742 ε
964 3691 1101 3743 unde
1138 3692 1370 3744 focillate
1404 3695 1622 3759 passim:

564 3774 625 3818 et
665 3765 898 3818 focillor:
957 3783 1058 3833 qna
1100 3766 1269 3821 forma
1310 3769 1624 3835 deponentis

565 3859 687 3895 usus
716 3850 800 3894 est
829 3845 999 3894 Varro
1040 3844 1130 3896 lib.
1169 3850 1219 3896 2.
1260 3845 1327 3898 de
1370 3848 1494 3898 Vita
1532 3863 1624 3914 pa-

564 3927 720 3971 trum.
744 3921 1024 3985 Reperitnr
1040 3927 1096 3971 et
1116 3918 1347 3973 foculare
1377 3924 1517 3975 unde
1548 3923 1625 3975 fo·

566 3998 688 4048 cula
723 4012 819 4063 pro
859 3998 1191 4048 nutrimentis
1227 3997 1528 4051 foventibus
1571 4008 1626 4053 et

565 4074 975 4125 instaurantibus
1021 4075 1184 4125 vires:
1237 4090 1342 4141 qna
1393 4075 1624 4130 dictione

564 4152 785 4203 Plautus
800 4166 915 4202 usus
930 4159 1010 4203 est
1025 4152 1279 4206 in'Persa.
1317 4155 1623 4221 Legendnm

566 4234 742 4279 tamen
783 4236 866 4280 est
898 4230 996 4281 hoe
1041 4238 1228 4295 pecto:
1296 4231 1534 4284 Imbribus
1574 4240 1625 4285 et

564 4307 672 4360 tabe
707 4308 1016 4361 umbrorum
1048 4308 1245 4362 σὸυια
1275 4311 1530 4365 vacillant.-
1563 4320 1626 4364 ut

1255 385 1469 446 ΝΟΜ
1520 396 1916 447 νΑΒιοκυΜ
1951 387 2052 444 'm
2157 393 2164 402 ·

1683 541 1760 589 sic
1812 541 1897 589 liic
1938 553 2145 590 sensns:
2192 539 2290 589 nisi
2336 531 2626 603 tempestas
2667 541 2734 590 sit

1682 616 1853 667 fausto
1892 625 2124 681 ternpore
2160 617 2399 667 exoriens
2431 619 2630 667 arbusta
2657 634 2738 667 u-

1683 696 1871 745 ciuant:
1893 703 2079 745 nutant
2093 701 2148 744 et
2161 693 2441 743 diruuntur
2454 694 2580 744 tabe
2593 709 2744 744 mem-

1686 773 1923 822 brorum:
1976 772 2242 822 rnentibus
2278 770 2528 821 videlicet
2568 785 2742 822 eornm

1685 846 1918 910 flagellis.
1960 848 2046 898 Sic
2070 847 2369 897 Priscianus
2383 848 2516 912 legit
2535 848 2624 898 lib.
2641 862 2742 898 vu.

1685 941 1743 992 p.
1782 930 1898 976 708.
1933 926 2166 991 loquens.
2233 928 2250 956 ‘
2280 925 2636 976 Vetustissimi
2671 933 2744 976 tn·

1686 1019 1802 1054 men
1856 1004 2014 1053 etiam
2059 1003 2112 1053 in
2154 1002 2466 1068 q‘uibuadam
2507 1002 2743 1053 Latinis:

1687 1095 1808 1146 qne
1842 1080 2211 1130 nominativum
2247 1079 2300 1129 in
2337 1094 2390 1129 es
2433 1079 2747 1143 productum

1688 1158 1986 1220 terminant,
2003 1171 2151 1221 pares
2169 1169 2292 1207 cum
2305 1157 2540 1220 genitivo
2553 1158 2749 1207 babent

1688 1235 1942 1299 syllabast
1992 1234 2045 1284 in
2083 1235 2185 1284 hac
2219 1233 2580 1285 declinatione
2617 1235 2747 1285 soie·

1687 1313 1814 1363 bant
1832 1312 2120 1377 producere
2141 1312 2421 1363 ablativum
2443 1326 2594 1362 nore
2608 1313 2751 1377 qnin-

1688 1396 1757 1439 tse
1790 1387 2150 1439 declinationis
2184 1388 2265 1438 vel
2295 1401 2458 1451 snpra
2488 1386 2750 1439 dictorum

1688 1466 2020 1517 Grecornm:
2057 1470 2115 1515 nt
2148 1479 2184 1514 a
2212 1465 2368 1526 mole,
2401 1463 2566 1524 fame,
2597 1464 2750 1516 tabet

1688 1540 1824 1606 qnod
1862 1541 2030 1592 adbuc
2066 1540 2225 1591 etiam
2264 1540 2550 1605 profertur.
2605 1542 2752 1605 virg.

1690 1632 1764 1671 vl.
1785 1622 1901 1670 421.
1963 1619 1981 1648 ‘
2010 1616 2183 1669 Offam
2208 1617 2425 1682 objicit:
2458 1618 2550 1669 ilie
2577 1616 2750 1668 fame!

1689 1696 1995 1747 laicannsin
2019 1700 2098 1747 1⁰.
2124 1699 2236 1745 158.
2282 1694 2299 1723 ‘
2326 1695 2444 1744 Nou
2467 1694 2751 1745 mandante

1685 1770 1822 1823 fame
1877 1774 2067 1823 multas
2122 1771 2460 1836 volucresque
2502 1769 2753 1837 serasque

1689 1851 1899 1916 AEgypti
1942 1859 2161 1915 posuere
2208 1849 2371 1900 deos.'
2457 1850 2657 1902 Juven.
2702 1849 2754 1900 in

1690 1935 1769 1981 15.
1806 1933 1916 1980 1⁰2.
1980 1931 1998 1958 ⁴
2023 1929 2263 1980 Membra
2296 1929 2469 1978 aliena
2506 1926 2650 1979 sume
2683 1928 2754 1978 la·

1690 2005 1956 2068 cerabant,
1994 2019 2106 2055 esse
2142 2005 2312 2070 parati
2352 2006 2423 2055 Et
2454 2005 2595 2056 sua.'
2661 2006 2758 2056 Ln-

1691 2083 1904 2133 cretins.
1969 2082 2207 2132 Imbribus
2232 2086 2279 2133 et
2309 2081 2416 2131 tabe
2446 2082 2756 2132 membru-uss

1691 2158 1886 2209 arbua«
1902 2158 2143 2208 vacillant.
2189 2158 2336 2208 Pius.
2381 2158 2453 2208 Ee
2477 2158 2757 2209 mni-b.

1696 2238 1783 2288 Ita
1803 2245 1860 2288 et
1880 2245 1983 2288 vet.
2004 2237 2141 2301 libri,
2163 2243 2218 2289 et
2235 2236 2537 2288 Priscianus
2549 2237 2645 2288 lib.
2658 2251 2758 2288 vn.

1693 2313 1781 2365 Sic
1829 2312 1923 2363 inf.
1967 2318 2016 2364 8.
2058 2317 2173 2364 5⁰⁸.
2250 2313 2474 2365 Quidam
2531 2323 2762 2376 veteres,

1696 2391 1971 2452 Marullus,
1997 2395 2052 2440 et
2070 2391 2317 2454 vulgati:
2341 2389 2587 2451 fodiunt,
2611 2391 2759 2442 mde-

1697 2468 1819 2519 Vid.
1863 2473 1920 2518 et
1955 2466 2048 2518 inf.
2087 2472 2136 2519 0.
2179 2471 2295 2518 658.
2346 2467 2457 2529 GU.
2549 2470 2617 2518 Es
2659 2470 2762 2519 coh

1696 2545 1956 2595 nimborum·
1972 2545 2076 2594 orb.
2099 2545 2343 2594 meilhnt.
2410 2545 2574 2596 Hanc
2598 2546 2763 2610 scrip·

1697 2627 1865 2671 turam
1890 2621 2127 2684 agnoscit
2158 2620 2417 2673 Priscian.
2449 2620 2544 2671 lib.
2571 2626 2622 2672 7.
2643 2634 2762 2672 con·

1696 2695 1901 2747 firmant
1914 2704 2164 2763 quattuor
2179 2697 2385 2749 codices
2402 2699 2765 2763 manuscripti,

1698 2772 1948 2824 Vatican.
1998 2774 2247 2837 Faernus,
2275 2775 2578 2839 Tettium,
2591 2777 2764 2828 Berti-

1699 2850 1915 2901 nIanus:
1950 2851 2257 2915 quibuscum
2289 2853 2632 2903 consentiunt
2666 2854 2763 2903 Ve-

1699 2929 1809 2977 neti
1850 2929 2015 2994 antiq.
2055 2937 2114 2979 et
2167 2928 2550 2992 Lugdunenses
2598 2930 2766 2981 alteri.

1699 3018 1871 3071 neque
1911 3011 1995 3056 est
2024 3004 2162 3071 qnod
2195 3006 2471 3072 qnisquam
2508 3013 2668 3072 putet
2697 3008 2766 3057 le-

1701 3081 1926 3144 gendnm
1947 3081 2068 3145 tabi,
2088 3082 2308 3145 veritus,
2324 3096 2391 3132 ne
2412 3084 2652 3135 secunda
2670 3084 2769 3149 ⁸51·

1698 3157 1819 3208 laba
1859 3158 1982 3219 tabe,
2018 3157 2191 3209 brevis
2224 3159 2321 3210 sit:
2372 3174 2490 3210 nam
2541 3159 2768 3212 fortasse

1700 3234 1884 3285 eedem
1925 3234 2128 3285 ratione
2172 3234 2496 3300 producitur,
2542 3252 2650 3302 qna
2691 3253 2765 3288 sa-

1700 3310 1877 3363 cnuda
1920 3313 2063 3362 vocis
2107 3311 2264 3362 fame.
2329 3313 2516 3377 virgil.
2561 3313 2680 3364 En.
2713 3319 2767 3365 0.

1698 3392 1815 3440 42⁰.
1856 3388 1873 3417 ‘
1895 3389 2165 3453 medicatis
2194 3387 2432 3454 frugibus
2469 3389 2631 3442 offam
2662 3392 2768 3443 Ob·

1693 3465 1850 3531 jicit;
1893 3464 1981 3515 ille
2014 3464 2154 3517 fame
2189 3464 2376 3518 rabida
2413 3468 2520 3518 tria
2554 3477 2768 3534 guttura

1701 3542 1933 3608 pandens
1954 3542 2220 3608 Corripit!
2248 3543 2357 3595 tabe
2387 3545 2661 3597 niu-bns-
2682 3562 2766 3598 as·

1703 3628 1831 3684 tem,
1848 3620 1883 3669 i.
1906 3634 1955 3670 e.
1977 3619 2175 3685 liquore
2197 3619 2502 3685 nimborum,
2525 3624 2670 3689 quad
2691 3632 2766 3674 ts·

1700 3703 1822 3747 tnm‘
1836 3696 1978 3746 valet
1991 3696 2258 3749 imbribus.
2287 3698 2455 3749 Lub-
2503 3700 2636 3751 Tabe
2648 3702 2764 3751 nin-

1702 3773 1880 3824 borrnn.
1949 3771 2064 3823 Hic'
2089 3787 2213 3823 vero
2250 3774 2572 3839 turpissime,
2604 3778 2649 3827 si
2681 3791 2764 3826 sn-

1702 3864 1857 3916 qnam
1876 3849 2019 3913 alias,
2052 3863 2109 3900 se
2140 3850 2292 3901 dedit
2319 3850 2596 3918 Gifsnius3
2630 3851 2766 3920 qnod

1702 3942 1736 3977 a
1767 3926 2019 3979 lambino
2045 3925 2460 3978 animadversum
2482 3942 2590 3979 non
2612 3926 2765 3979 fnisse

1701 4005 1877 4056 miror.
1940 4004 1957 4033 ‘
1978 4003 2152 4053 Tabes
2173 4002 2499 4068 nimborum:
2519 4005 2694 4072 inquit
2709 4005 2764 4056 in

1702 4079 1907 4144 Indice,
1945 4082 1961 4109 ‘
1985 4081 2021 4131 i.
2056 4094 2109 4130 e.
2139 4079 2301 4131 nimbi
2337 4082 2482 4132 noxii
2511 4091 2571 4134 et
2604 4082 2760 4148 pesti·

1699 4157 1817 4221 feri,
1838 4160 2081 4227 elegante
2103 4160 2425 4225 metaphora.
2476 4160 2657 4211 ’ἢδη
2678 4173 2760 4210 re-

1697 4236 1900 4288 *teribus
1921 4236 2045 4287 nihil
2072 4236 2212 4287 alind
2239 4251 2392 4303 qaam
2423 4238 2594 4301 pestis
2626 4236 2760 4287 valet

1698 4324 1793 4365 seu
1829 4311 2269 4380 pernicie-:vide
2299 4310 2759 4379 Festun‚'‘inqnit.
