3009 4925
559 417 732 486 11oe

563 608 659 660 tud
698 604 891 659 Justini
939 603 991 656 in
1034 609 1116 657 18.
1153 605 1253 656 nisi
1295 620 1325 656 e
1366 606 1625 672 Virgilio?

560 689 579 716 ⁴
598 686 741 736 Hinc
775 686 861 735 illa
886 685 1046 748 prima
1068 685 1186 734 mali
1209 683 1376 747 labes,
1397 685 1495 735 hoc
1520 685 1614 735 ini·

562 756 693 814 tium
720 763 1066 829 impendentis
1093 763 1253 812 rninae
1279 762 1418 813 fuit?
1473 763 1619 813 Bene

555 856 705 904 saue,
738 842 982 907 inquam3
1045 839 1323 889 etiamnum
1364 840 1626 906 puerimi-

561 918 813 968 tationem
882 916 1023 967 illam
1072 916 1413 984 ‘virgilianam
1487 917 1625 982 apud

560 993 830 1046 Justiuum
853 999 1234 1043 annotaveram.
1299 993 1405 1043 Sed
1433 994 1478 1044 si
1503 1009 1628 1045 vera

562 1071 652 1121 illa
700 1075 819 1120 sunt
863 1084 978 1135 qne
1022 1068 1089 1121 de
1125 1068 1503 1134 significatione
1544 1072 1630 1122 τοῦ

566 1144 777 1196 ‘labes’
827 1146 1065 1209 superius
1108 1147 1318 1212 scripsi,
1363 1148 1416 1197 in
1440 1148 1626 1199 eodem

560 1225 676 1274 luto
698 1222 1026 1285 haesitamnn
1059 1223 1218 1290 idque
1264 1231 1461 1275 tantum
1511 1241 1628 1290 pro·

562 1302 662 1352 bas
677 1302 815 1368 quod
833 1303 1041 1352 minime
1060 1302 1269 1366 probari
1291 1302 1632 1368 accesserint,

564 1381 735 1431 locum
758 1381 901 1431 illum
921 1381 1127 1447 virgilii
1144 1382 1350 1431 scilicet
1367 1397 1397 1430 a
1422 1381 1632 1446 quibus·

565 1457 687 1511 dan·
716 1457 991 1507 veteribus
1036 1459 1111 1508 ita
1150 1458 1341 1508 lectum
1377 1455 1538 1507 fuisse
1573 1465 1631 1507 ut

569 1549 704 1584 nnnc
740 1533 946 1597 legitur,
977 1534 1012 1584 i.
1036 1549 1085 1585 e.
1100 1534 1416 1599 jampridem
1440 1532 1631 1598 depra-

571 1618 721 1662 vatos
743 1625 857 1662 esse
891 1613 1101 1664 codices
1126 1611 1364 1677 Virgiliiz
1399 1611 1493 1661 sed
1528 1626 1632 1662 non

568 1689 725 1740 aliter
771 1690 1039 1755 scripsisse
1077 1688 1371 1755 Virgilium,
1411 1686 1464 1738 id
1507 1701 1632 1738 vero

569 1771 651 1817 est
684 1766 824 1832 qnod
865 1766 1074 1832 probari
1113 1767 1366 1831 oportuit.
1435 1766 1510 1816 At
1531 1780 1631 1831 ego

568 1841 827 1894 affirmare
872 1857 1025 1909 posse
1062 1842 1244 1894 videor
1275 1841 1528 1907 scripturn
1566 1843 1632 1892 ab

570 1919 659 1969 illo
675 1918 849 1981 fnisse,
873 1920 1007 1972 Hinc
1026 1921 1208 1971 adscita
1230 1919 1487 1970 mikilaba
1510 1954 1525 1970 .
1547 1954 1561 1970 .
1582 1951 1597 1967 .
1616 1953 1631 1969 .

571 1996 767 2064 Papae!
803 1998 1024 2065 inquies,
1047 1999 1201 2052 ‘Jam
1221 1997 1341 2048 mibi
1366 1998 1635 2047 vehemen-

571 2080 655 2124 ter
674 2089 808 2126 nova
839 2090 922 2127 res
958 2076 1168 2127 molitur
1198 2074 1262 2126 ad
1302 2089 1453 2126 aures
1479 2073 1636 2125 Acci·

571 2151 716 2218 dere,
748 2162 804 2204 et
836 2168 971 2204 nova
1012 2169 1071 2205 se
1109 2154 1312 2218 species
1355 2151 1637 2204 ostendere

570 2241 744 2277 rerum
762 2228 795 2276 l'
850 2228 939 2278 lta
980 2236 1091 2279 est:
1127 2228 1218 2279 sed
1261 2236 1317 2279 et
1361 2228 1490 2278 illud
1532 2241 1636 2276 non

572 2305 741 2354 miuus
765 2318 942 2354 verum
966 2305 1065 2354 erit
1088 2321 1102 2355 z
1142 2306 1157 2333 ‘
1183 2304 1311 2354 nihil
1350 2311 1455 2354 tam
1483 2302 1636 2352 mira·

574 2379 683 2434 bile
718 2380 994 2447 quidquam
1037 2380 1326 2447 Principio,
1361 2379 1497 2446 quod
1532 2393 1637 2429 non

572 2458 810 2510 minuant
856 2458 1090 2511 mirarier
1121 2473 1299 2510 omnes
1330 2453 1636 2508 Paulatim!

578 2538 714 2591 Haec
753 2539 888 2589 enirn
929 2538 1111 2602 lectio,
1145 2553 1260 2604 qnae
1286 2544 1391 2588 tam
1427 2537 1584 2600 louge
1607 2549 1640 2586 a

567 2616 793 2680 uulgata
832 2616 963 2678 abit,
994 2615 1122 2667 scin’
1153 2606 1255 2681 q'no
1298 2612 1638 2665 fundamento

572 2692 807 2744 nitatur?
839 2693 1118 2758 Excerptis
1141 2692 1331 2754 Servii,
1363 2691 1432 2740 mi
1452 2690 1642 2751 lector,

570 2783 643 2820 ex
664 2771 853 2835 quibus
877 2770 1073 2836 liquido
1095 2774 1324 2830 constat,
1357 2781 1459 2818 nou
1490 2774 1640 2830 potn-

575 2846 683 2896 isse
719 2848 871 2898 aliter
904 2848 1081 2912 legere
1117 2847 1457 2898 clarissimum
1495 2846 1639 2896 illum

577 2923 1002 2987 grammaticum:
1061 2937 1176 2974 cum
1229 2924 1340 2988 ejus
1380 2921 1640 2987 expositio

571 3006 809 3063 recepta
847 2998 1060 3050 lectioni
1097 3014 1201 3049 non
1234 3007 1510 3064 congruat,
1548 2997 1639 3047 sed

574 3077 725 3139 banc,
757 3090 875 3141 quae
900 3092 932 3127 a
952 3089 1037 3126 me
1057 3076 1327 3143 proposita
1349 3081 1450 3138 est,
1483 3076 1642 3139 plane

575 3159 637 3203 et
658 3153 950 3204 necessario
966 3162 1262 3218 supponat:
1293 3152 1369 3202 sle
1386 3157 1561 3202 antem
1585 3166 1644 3202 se

578 3229 739 3280 habet
770 3229 936 3280 Servii
978 3228 1291 3294 explicatio:
1326 3227 1496 3279 ‘Hinc
1545 3243 1643 3294 pro

577 3306 677 3358 hac
699 3321 875 3370 eausa,
907 3308 991 3358 vel
1013 3315 1229 3373 propter
1251 3307 1440 3369 hoc‚et
1458 3312 1539 3358 est
1554 3306 1642 3357 ad·

577 3383 814 3435 verbium
836 3386 997 3436 locale
1022 3399 1115 3450 pro
1138 3384 1505 3450 conjunctione
1524 3399 1644 3434 cau-

573 3463 702 3515 sali:
737 3464 857 3530 quia
876 3472 1058 3514 secuta
1076 3470 1199 3513 sunt
1238 3470 1423 3527 postea
1461 3476 1643 3511 oracu-

578 3541 704 3605 lum,
739 3549 797 3593 et
839 3542 1041 3593 Adtrita
1091 3540 1392 3592 Calchantis
1447 3537 1637 3590 factioz

578 3618 781 3669 Adscitu
818 3632 942 3668 sane
991 3614 1484 3684 diciturgabsanpeo!
1539 3615 1644 3680 (le-

579 3695 803 3759 gendnm
859 3692 1150 3760 adsumpto.)
1214 3693 1418 3744 ‘Labeo
1437 3692 1452 3717 ’
1522 3707 1643 3743 vero

576 3774 783 3823 ruinam
797 3769 1058 3835 significat
1078 3786 1111 3819 a
1131 3768 1315 3835 lapsu!
1379 3768 1542 3819 Vides
1566 3770 1642 3819 ita

576 3861 756 3898 veram
778 3861 895 3897 esse
918 3861 1037 3897 eam
1058 3845 1356 3906 lectionem,
1370 3859 1525 3911 qnam
1546 3858 1644 3908 ego

580 3923 931 3975 aboblivioue
970 3923 1212 3974 reducem
1253 3921 1380 3988 feci,
1413 3929 1472 3973 nt
1513 3923 1643 3974 illud

578 4009 597 4031 ⁸
616 3998 850 4051 Adscita’
882 4014 986 4051 nou
1022 4001 1177 4052 modo
1215 4001 1269 4052 in
1291 4000 1644 4066 explicatione

572 4083 747 4134 Servii
768 4084 1081 4149 reperiatur,
1112 4086 1226 4148 sed,
1266 4082 1404 4151 quod
1439 4098 1645 4134 omnem

582 4159 961 4213 dubitationem
985 4161 1157 4226 tollet,
1187 4162 1255 4213 ab
1285 4176 1349 4212 eo
1368 4162 1530 4212 etiam
1552 4176 1642 4211 ex-

581 4245 810 4302 ponatur
840 4252 935 4302 per
964 4237 1303 4304 ‘adsumpta.’
1366 4238 1646 4288 Praeterea

576 4316 594 4342 ⁴
616 4316 787 4367 labem
801 4316 815 4338 ’
834 4315 1069 4380 explicat
1088 4330 1185 4380 per
1218 4318 1234 4345 ‘
1256 4313 1491 4366 ruinam-⁹
1532 4314 1645 4365 Ita.-

580 4406 687 4461 que
729 4391 856 4443 illud
892 4393 909 4421 ‘
931 4391 1077 4443 mali’
1119 4399 1261 4443 stare
1295 4405 1398 4441 non
1443 4397 1640 4455 potest.

1260 434 1477 485 ⁸0⁹1·AE
1527 433 1926 486 vammum
1979 434 2059 486 m

1699 594 1804 645 Sed
1837 595 1977 647 unde
2011 594 2138 645 illud
2172 596 2190 625 ¹
2209 595 2418 661 prima!
2469 593 2548 645 Ex
2576 589 2770 660 glosse-

1701 683 1841 722 mate
1875 675 2351 738 grammaticorum,
2390 672 2482 740 qni
2512 674 2582 723 ad
2625 685 2770 723 oran

1702 750 1820 800 libri
1863 751 2270 820 adscripserant,
2317 750 2478 815 priate
2511 748 2657 798 lebes.
2701 746 2770 797 ad

1702 827 1985 889 oraculum,
2004 828 2222 877 secanda.
2243 824 2308 876 ad
2327 825 2635 875 Calchantis
2649 837 2773 874 eun

1705 903 1891 969 Ulysse
1927 904 2267 968 compositam
2307 901 2573 962 fraudem,
2604 900 2773 951 tenin-

1689 980 1757 1036 ,Si
1778 981 1892 1045 quis
1908 981 2018 1030 lunc
2027 981 2192 1030 otiose
2209 986 2267 1030 et
2281 991 2431 1045 aequo
2446 978 2620 1028 auimo
2633 974 2776 1039 apud

1702 1072 1758 1107 se
1780 1057 2066 1122 reputabit,
2100 1072 2135 1106 a
2155 1071 2239 1106 me
2252 1057 2439 1120 opinor
2471 1068 2574 1103 non
2608 1052 2778 1117 lougi-

1705 1136 1884 1186 uscnle
1929 1134 2109 1186 abibit.
2181 1135 2337 1186 Nunc
2393 1132 2618 1184 fortasse
2658 1133 2777 1196 jan

1704 1218 1912 1278 tempus
1929 1213 1998 1263 sit
2021 1212 2086 1263 ad
2115 1212 2413 1263 Lucretium
2432 1210 2661 1275 regredi,
2678 1208 2780 1259 sed

1705 1299 1788 1343 est
1812 1299 1867 1342 et
1883 1290 2024 1341 aliud
2047 1291 2099 1340 in
2118 1290 2234 1341 AEn.
2258 1294 2403 1341 852.
2425 1289 2570 1356 quod
2594 1302 2678 1338 me
2695 1301 2782 1337 re·

1709 1374 1893 1431 vocat3
1927 1367 2083 1433 idque
2125 1367 2233 1417 tale
2273 1381 2390 1416 esse
2423 1367 2694 1421 existimo.
2717 1369 2784 1413 nt

1707 1453 1881 1496 tecum
1904 1445 2339 1495 communicatum
2357 1448 2608 1506 oporteat
2625 1457 2641 1502 ς
2661 1454 2780 1490 eer-

1708 1529 1762 1572 te
1785 1522 1853 1573 de
1876 1524 1965 1573 illo
1984 1529 2156 1573 tecum
2180 1535 2337 1585 agere
2358 1519 2701 1570 decreveram
2723 1517 2783 1568 iu

1710 1600 1779 1649 N.
1814 1598 1882 1649 ad
1925 1603 1971 1648 1.
2012 1599 2224 1649 Lucret.
2293 1595 2552 1661 Loquitur
2579 1593 2786 1644 ‘fiberi-

1707 1688 1836 1724 nns:
1875 1674 2020 1740 ‘Ego
2039 1688 2150 1723 sum
2172 1673 2327 1738 pleno
2367 1686 2524 1738 quern
2565 1668 2784 1720 flumine

1707 1754 1877 1804 cernis
1909 1753 2264 1814 stringentem
2290 1750 2454 1815 ripas,
2480 1756 2538 1799 et
2567 1749 2786 1813 pinguia

1709 1831 1852 1881 culta
1871 1836 2160 1887 secantem,
2178 1827 2444 1878 ceruleus
2464 1826 2658 1892 Tybris
2675 1840 2786 1875 αε-

1707 1907 1760 1958 lo
1776 1906 2098 1973 gratissimus
2121 1905 2300 1956 amnis.
2319 1903 2461 1953 Hele
2489 1902 2619 1951 mihi
2636 1915 2784 1964 mag-

1709 1998 1775 2033 na
1808 1983 1989 2034 domus
2013 1983 2165 2033 celsis
2186 1987 2348 2046 capnt
2383 1979 2616 2030 'urbibus
2637 1977 2788 2029 exit!

1710 2060 1886 2110 Multa
1908 2074 2032 2109 vero
2055 2059 2118 2109 ad
2137 2057 2252 2109 haec
2275 2058 2622 2119 interpretes,
2641 2061 2699 2103 et
2719 2067 2785 2103 en

1709 2137 1916 2204 quidem
1940 2145 2151 2200 conatu,
2181 2136 2269 2202 qni
2292 2148 2448 2200 quam
2472 2147 2697 2198 magnus
2729 2138 2790 2181 et

1711 2231 1978 2281 operosus,
2014 2224 2119 2266 tam
2160 2223 2215 2265 et
2239 2213 2481 2279 profecto
2502 2212 2685 2262 irritus
2729 2215 2787 2259 et

1709 2293 1777 2344 ob
1801 2308 1910 2344 rem
1933 2294 2127 2343 nullam
2147 2300 2227 2342 est
2246 2309 2276 2341 ι»
2298 2290 2386 2340 alii
2407 2290 2552 2339 enim
2595 2287 2663 2337 ad
2699 2299 2783 2335 vo-

1711 2385 1824 2421 cem
1858 2369 2084 2434 ‘caput‚'
2116 2373 2456 2427 notaverunt,
2491 2367 2508 2395 ‘
2533 2365 2605 2415 de
2635 2362 2781 2414 fonte

1712 2444 1857 2499 fluvii
1879 2447 1931 2497 in
1961 2445 2184 2497 editiore
2224 2443 2456 2495 Etruria
2503 2449 2662 2507 parte
2697 2454 2782 2490 ex·

1707 2535 1871 2578 eunte
1913 2525 2135 2590 intelligi
2187 2523 2406 2585 debere,
2447 2535 2572 2570 nam
2613 2518 2784 2582 capita

1711 2603 1883 2655 fontes
1914 2603 2140 2653 amnium
2180 2599 2357 2651 vocari
2393 2594 2613 2647 solent?
2679 2593 2784 2645 Alii

1713 2681 1782 2732 de
1804 2682 1952 2731 exitu
1974 2694 2066 2730 seu
2088 2678 2233 2729 ostiis
2254 2675 2484 2728 fluminis
2519 2673 2578 2724 id
2620 2672 2782 2736 accipi

1714 2758 1910 2809 debere
1934 2756 2273 2807 arbitrantur.
2339 2751 2448 2803 Alii
2470 2750 2706 2816 denique
2721 2747 2785 2796 de

1714 2835 1971 2901 dignitate
1994 2839 2051 2884 et
2074 2831 2381 2898 praestantia
2414 2828 2566 2879 urbis
2607 2828 2786 2877 Rorna-

1714 2927 1796 2962 nae
1851 2912 2019 2961 multa
2054 2910 2176 2960 hinc
2219 2907 2365 2958 illinc
2410 2911 2791 2965 corrasor-nnn

1715 3001 1956 3052 magnum
1975 2985 2216 3049 ἀγώνισμα
2236 2984 2462 3046 scilicet,
2493 2990 2554 3032 et
2577 2981 2786 3046 dignun

1715 3066 1818 3117 isto
1837 3078 2028 3128 genere
2067 3063 2347 3123 homiuum,
2381 3059 2476 3125 qni
2510 3056 2787 3109 offarcina-

1717 3148 1798 3191 tas
1820 3140 2139 3191 scholasticis
2161 3137 2310 3203 nugis
2346 3136 2613 3187 editiones
2646 3133 2791 3184 nobis

1717 3216 2027 3268 obtrudunt.
2087 3215 2194 3267 Sed
2218 3229 2388 3272 uerno,
2429 3212 2575 3279 qnod
2615 3212 2789 3273 sciam,

1718 3296 1920 3358 extitit,
1940 3295 2028 3361 qni
2049 3295 2131 3345 vel
2152 3294 2365 3344 minima
2385 3291 2690 3355 suspicione
2707 3302 2788 3338 ve·

1721 3392 1834 3426 rum
1882 3376 2132 3439 tetigerit.
2215 3375 2290 3425 At
2327 3374 2395 3435 si,
2442 3372 2587 3438 qnod
2635 3384 2790 3422 unum

1720 3467 1833 3503 esse
1857 3454 1909 3503 in
1932 3450 2349 3516 interpretando,
2379 3463 2600 3515 praeqne
2633 3447 2787 3498 omui·

1719 3529 1816 3580 bus
1839 3544 1995 3579 unum
2021 3536 2143 3580 ante
2161 3528 2341 3577 oculos
2364 3539 2484 3575 esse
2507 3523 2695 3585 debet,
2727 3521 2788 3580 si,

1722 3608 1953 3672 inquam,
1971 3603 2225 3655 sermonis
2248 3602 2423 3653 latini
2442 3601 2661 3666 genium
2674 3612 2789 3650 ceu·

1720 3685 2023 3747 munissent,
2055 3682 2301 3745 pauciora
2345 3678 2560 3746 quidem
2611 3678 2788 3737 multu,

1720 3761 1812 3811 sed
1861 3768 1917 3811 et
1959 3760 2122 3810 multo
2171 3756 2389 3807 meliora
2435 3755 2786 3819 scripsissent.

1722 3839 1956 3889 Primum
1988 3838 2128 3886 enim
2166 3834 2291 3901 qnid
2325 3839 2424 3891 est,
2476 3835 2494 3861 ‘
2518 3831 2629 3882 Hie
2672 3828 2787 3880 nihi

1722 3931 1907 3979 magna
1931 3914 2114 3964 domus
2137 3918 2299 3974 caput
2317 3910 2429 3959 exit
2447 3907 2486 3958 ἓ·
2554 3908 2645 3958 An
2674 3906 2788 3972 quia

1724 3992 2001 4043 latissimos
2016 3988 2191 4040 fontes
2203 3988 2398 4053 Tybris
2409 3986 2573 4037 lubet
2590 3988 2611 4035 ἓ
2642 3985 2782 4044 Esto,

1723 4082 2053 4135 quamquam,
2091 4070 2190 4117 &m
2259 4064 2361 4116 Sed
2385 4078 2451 4115 an
2477 4078 2507 4113 e
2531 4062 2784 4114 montibus

1721 4148 1946 4199 Etruria
1982 4154 2203 4211 repente
2231 4145 2375 4196 circa
2395 4157 2462 4193 ea
2482 4144 2602 4193 loca
2620 4140 2781 4191 fontes

1718 4227 1794 4277 illi
1816 4225 1982 4277 delati
1999 4230 2143 4287 sunt,
2175 4222 2228 4272 in
2267 4219 2454 4288 quibus
2471 4225 2660 4285 postea
2673 4228 2785 4267 eoa·

1719 4304 1834 4354 dita
1857 4303 2027 4353 Roma
2048 4300 2164 4350 est?
2208 4298 2351 4349 Dein
2367 4297 2412 4346 si
2451 4298 2468 4324 ‘
2488 4290 2779 4360 capnt’fon·

1719 4389 1823 4432 tem
1844 4376 2173 4445 significabit,
2207 4372 2331 4440 quid
2364 4373 2468 4423 erit
2500 4371 2641 4437 qnod
2670 4381 2774 4420 cu-
