3009 4925
581 418 647 467 ⁷r.
697 416 1056 469 Lucass'ru
1105 410 1284 473 catu
1338 418 1433 467 uu
1485 419 1750 469 anuum
1805 422 2167 469 umatus.
2220 422 2325 469 111.
2405 394 2590 472 '1325

383 560 537 614 inens
558 560 909 629 imperitorum
932 565 1057 614 artis
1093 563 1451 615 concinnitate

390 643 672 707 decipitur,
694 642 803 691 auri
843 640 1046 706 fulgore
1069 642 1455 707 perstringitur,

383 720 597 784 argenti
621 720 790 769 nitore
815 728 868 770 et
895 710 1121 772 candore
1158 720 1329 771 eboris
1363 721 1452 769 he-

392 797 606 847 betatur
633 796 668 846 Γ
731 794 1010 861 legendnm
1072 797 1457 863 precemur,

392 875 532 940 quod
555 874 643 939 qui
665 888 765 923 non
791 874 983 936 videat,
1001 889 1195 926 cecum
1219 876 1349 925 sein
1373 875 1454 924 lit-

398 951 524 1000 teris
541 958 598 1000 et
609 952 784 1013 lingna
801 951 986 1003 Latina
1003 951 1247 1004 fateatur.
1279 957 1294 984 ‘
1307 953 1456 1002 Prae·

386 1026 617 1080 stinxlt’
641 1032 802 1096 igitur
843 1032 927 1082 bic
964 1032 1100 1096 apud
1149 1032 1452 1084 Lucretium

393 1107 716 1171 interpretor
738 1108 1068 1177 obscuravit:
1102 1117 1162 1160 nt
1197 1107 1457 1174 apnd'Mi-

397 1185 605 1234 nacinm
647 1186 922 1250 perspicue
956 1187 1092 1238 idem
1125 1188 1267 1237 valet
1287 1188 1305 1216 ⁴
1326 1202 1455 1250 prae·

398 1261 719 1326 stinguitnr'
753 1262 892 1326 qnod
917 1264 932 1290 ‘
957 1263 1288 1325 obscuratur,
1308 1270 1359 1311 et
1403 1276 1459 1312 a·

399 1338 567 1388 mittit
589 1337 890 1411 facultatem
913 1347 1055 1409 recte
1076 1338 1327 1409 fungendi
1352 1355 1458 1390 mn-

401 1410 540 1463 neris
562 1415 678 1476 mi‚'
707 1416 741 1463 i.
759 1430 806 1464 e.
831 1425 976 1466 reete
995 1416 1259 1481 opinandi,
1293 1424 1459 1467 reete·

399 1506 504 1557 que
524 1492 862 1557 intelligendi.
909 1495 1162 1546 Quoniam
1186 1501 1358 1545 autem
1381 1509 1461 1543 sa-

401 1568 472 1618 tin
494 1571 659 1619 multa
673 1571 783 1633 jam
807 1570 873 1620 de
904 1571 999 1620 hoe
1022 1570 1178 1620 verbo
1211 1577 1267 1620 et
1287 1570 1389 1633 bic,
1409 1581 1465 1620 et

401 1646 456 1695 in
489 1647 626 1695 notis
647 1646 1021 1709 Ciceronianis,
1043 1655 1097 1696 et
1131 1647 1183 1694 in
1203 1661 1465 1696 conmen-

404 1731 507 1775 tar.
539 1723 845 1775 Horatianis
873 1726 1030 1775 verba
1064 1724 1182 1788 feci,
1209 1726 1335 1775 nihil
1361 1740 1462 1774 am·

404 1800 542 1866 plius
561 1800 766 1863 addam,
787 1809 981 1865 preter
1002 1804 1100 1850 hoc
1133 1815 1305 1866 unum,
1327 1800 1464 1867 qnod

408 1881 441 1928 ὁ
476 1879 587 1929 viro
612 1878 767 1929 docto
799 1878 904 1928 fide
936 1879 1096 1943 digno
1128 1878 1326 1941 accepi,
1347 1892 1466 1927 cum

406 1955 476 2005 de
508 1955 701 2004 litteris
735 1969 834 2004 una
869 1956 1221 2018 loqueremur,
1252 1953 1351 2003 boe
1375 1968 1467 2003 vo·

403 2032 667 2094 eubulum,
686 2046 841 2081 nunni
863 2031 1024 2082 fuisse
1041 2047 1107 2081 ex
1123 2031 1362 2081 ducentis
1380 2045 1467 2080 vo·

405 2109 611 2160 eubuli·
648 2108 870 2169 Latinis,
906 2107 1042 2172 quod
1083 2108 1206 2159 Gul.
1248 2108 1470 2158 Petine-

409 2186 518 2235 rins
558 2185 833 2249 episcopus
877 2185 1146 2248 Monpess.
1182 2184 1339 2233 honio
1376 2184 1470 2234 lin—

412 2278 527 2326 με
547 2263 748 2314 Latinae
770 2262 991 2312 omnium
1009 2262 1096 2327 qui
1120 2261 1271 2312 bodie
1289 2262 1472 2312 vivunt

409 2340 805 2399 scientissimus,
826 2353 880 2388 se
904 2340 1066 2388 solum
1090 2348 1270 2390 tenere
1289 2340 1475 2404 praedi-

412 2431 535 2469 care
569 2431 693 2468 vere
716 2417 936 2467 solebat.
1001 2417 1115 2467 Hos
1140 2432 1319 2468 versus
1355 2433 1474 2483 pro-

405 2494 588 2546 ¹l’ereus
610 2495 936 2557 Lactantius,
958 2494 1069 2544 sive
1107 2496 1284 2545 Lutat.
1308 2496 1399 2546 lib.
1423 2500 1473 2545 3.

412 2573 480 2624 de
504 2574 634 2624 falsa
657 2588 771 2637 sap.
808 2574 824 2600 ‘
848 2573 988 2623 Quos
1006 2573 1243 2637 equidem
1268 2574 1477 2624 versus'

411 2648 633 2718 (inquit)
666 2652 973 2714 ‘numquam
1012 2650 1125 2699 siue
1160 2651 1266 2699 risu
1302 2651 1477 2714 legere

412 2741 640 2793 possum.
682 2727 801 2777 Non
837 2727 974 2776 enim
1016 2727 1082 2776 de
1121 2726 1355 2788 Socrate,
1388 2735 1479 2777 aut

415 2804 641 2854 Platone
677 2803 774 2852 hoc
807 2804 989 2852 saltem
1013 2803 1242 2864 dicebat,
1260 2805 1346 2869 qui
1374 2806 1477 2854 vel-

413 2889 478 2932 ut
516 2896 665 2945 reges
710 2882 969 2931 habentur
1025 2881 1476 2947 pbilosophorum:

413 2958 510 3009 sed
545 2958 612 3008 de
644 2959 868 3021 homine,
888 2973 990 3024 quo
1024 2973 1150 3008 sano
1183 2965 1236 3008 et
1272 2960 1481 3023 vigente

415 3036 588 3085 nullus
607 3050 746 3099 aeger
764 3037 990 3100 ineptius
1005 3035 1285 3086 deliravit!
1316 3036 1481 3087 Lamb.

417 3112 575 3162 Hanc
595 3127 774 3162 vocem
799 3113 973 3162 multis
991 3119 1171 3162 contra
1204 3110 1482 3175 Barbaros,

419 3197 481 3238 ut
494 3189 736 3254 loquitur,
750 3187 983 3238 defendit
1004 3187 1302 3250 Lambinus,
1318 3203 1347 3237 e
1366 3202 1485 3237 con·

419 3275 508 3316 tra
547 3266 843 3329 Salmasius,
873 3268 890 3295 ‘
909 3267 1049 3329 Lego
1074 3281 1102 3314 e
1138 3265 1348 3328 scriptis
1390 3265 1485 3314 Re·

421 3345 622 3405 seina-it,
642 3343 728 3394 ubi
753 3359 1024 3409 perperam
1046 3343 1326 3393 Lambinus
1345 3342 1486 3391 Proe·

421 3421 618 3484 uinxit,
660 3431 842 3471 contra
905 3419 1060 3470 fidem
1113 3420 1382 3482 libroruin,
1429 3426 1486 3469 et

428 3499 618 3549 Latine
662 3500 982 3565 loquentium
1020 3512 1196 3559 nsum3
1231 3498 1488 3562 Epicurus

426 3591 605 3626 omues
640 3576 847 3642 ingenio
879 3591 974 3625 suo
1007 3575 1295 3639 superavit,
1317 3583 1372 3623 et
1397 3589 1486 3623 ex-

426 3652 602 3713 tinxit,
624 3652 733 3702 sive
773 3652 1035 3714 restinxit,
1061 3658 1122 3701 ut
1154 3651 1228 3700 sol
1261 3650 1488 3700 adventu

426 3744 520 3780 sno
574 3732 754 3780 stellas
807 3728 1105 3791 restinguit,
1148 3742 1264 3778 cuni
1316 3728 1490 3777 lumen

429 3821 577 3856 suum
608 3807 707 3856 illis
729 3805 941 3855 adimit:
976 3806 1053 3854 sic
1087 3809 1135 3854 ⁵.
1161 3808 1272 3854 121.
1307 3804 1490 3853 ‘Prae-

427 3885 730 3949 clarnmque
752 3881 881 3932 velit
913 3881 1035 3931 solis
1068 3883 1393 3944 restinguere
1415 3881 1493 3930 lu-

431 3975 549 4011 men
572 3959 604 4018 ;’
637 3960 1006 4021 Tertullianus,
1019 3958 1035 3985 ‘
1053 3956 1494 4007 Reaccenduntur

430 4037 707 4087 Stellarum
743 4036 895 4100 radii,
928 4050 1052 4101 quos
1089 4035 1344 4084 matutina
1378 4049 1493 4085 suc-

431 4113 609 4163 censio
651 4111 1024 4163 extinxerat.'’
1094 4110 1342 4162 Attamen
1377 4119 1495 4176 post

431 4196 585 4239 tauta
602 4189 906 4253 certamina,
930 4198 1035 4239 tam
1057 4189 1494 4255 Restinxit,qnam

435 4265 724 4317 Proestinxit
743 4267 852 4317 siue
874 4266 980 4316 ullo
1014 4267 1337 4317 incommodo
1360 4270 1494 4331 lega·

436 4358 568 4395 mus.
617 4343 812 4395 Creech.
868 4344 1026 4392 Salm.
1053 4344 1153 4406 Ep.
1177 4349 1258 4394 50.
1281 4347 1295 4373 ‘
1315 4344 1496 4409 Lego‚’

1529 565 1714 629 inquit,
1753 567 1771 595 ⁴
1795 581 1825 616 e
1848 567 2060 632 scriptis
2081 583 2094 617 t
2134 568 2232 623 Qui
2249 582 2401 628 genus
2422 569 2585 618 huma-

1526 656 1639 691 nm
1656 643 1845 705 ingestio
1865 644 2127 708 superavit,
2147 649 2196 694 et
2217 660 2372 693 omnes
2396 645 2588 694 Restitu-

1529 719 1624 774 κίί,
1646 720 1807 768 stellas
1824 726 2020 770 exortus
2042 725 2117 770 uli
2136 721 2357 772 atherius
2376 722 2459 772 sol.
2484 722 2588 772 Ubi
2620 752 2627 759 ·

1532 809 1805 859 perperam
1824 798 2123 849 Lambinus:
2145 800 2452 861 Proestinxie,
2468 813 2590 849 con-

1532 880 1614 921 tra
1635 872 1788 923 fidem
1810 875 2077 938 librorum,
2096 883 2149 927 et
2169 878 2357 925 Latine
2376 878 2591 941 loquen-

1528 951 1659 1000 tinm
1684 952 1862 1002 nsum!
1926 954 2188 1003 Caeterum
2227 953 2451 1004 conferri
2484 968 2590 1003 me-

1532 1036 1715 1078 rentur
1752 1031 1948 1080 Lucan.
1990 1046 2151 1082 carni.
2188 1031 2253 1080 ad
2300 1024 2474 1080 Pison.
2515 1046 2590 1079 vs.

1533 1109 1617 1156 88.
1681 1107 1698 1134 ‘
1720 1107 1825 1156 Sed
1863 1122 2022 1172 snper
2062 1107 2161 1157 ista
2199 1114 2377 1158 movet
2411 1108 2594 1171 plenus

1535 1184 1795 1246 gravitate
1839 1198 2022 1234 serena
2063 1185 2271 1248 Vultus,
2314 1193 2369 1234 et
2410 1184 2595 1247 insigni

1534 1261 1867 1325 praestinguit
1898 1262 2119 1325 imagine
2144 1262 2279 1311 visus
2302 1261 2335 1311 :'
2367 1267 2423 1312 et
2447 1262 2596 1312 Clau-

1538 1335 1677 1387 dian.
1698 1337 1850 1389 Cous.
1868 1339 2008 1390 Hon.
2027 1345 2073 1390 3.
2091 1345 2205 1391 133.
2241 1340 2257 1369 ‘
2279 1341 2455 1390 Floret
2475 1339 2600 1387 cris·

1538 1413 1662 1462 tatis
1685 1415 1948 1465 exercitus
1974 1416 2200 1480 undique
2224 1416 2427 1475 turmis,
2449 1415 2601 1466 Quis-

1520 1503 1641 1555 ·qne
1659 1505 1753 1539 sna
1770 1500 1823 1541 te
1843 1506 1975 1541 voce
1996 1506 2200 1542 canens.
2268 1491 2603 1556 Praestringit

1541 1567 1673 1617 aena
1695 1569 1805 1618 Lux
1833 1570 2028 1633 oculos,
2051 1570 2277 1636 nudique
2314 1583 2464 1634 seges
2487 1570 2600 1619 Ma-

1540 1644 1713 1694 vortia
1775 1642 1902 1694 ferri
1968 1645 2262 1709 Ingemiuat
2324 1642 2603 1710 splendore

1537 1718 1716 1771 diem!
1766 1721 2020 1773 Reatinis
2053 1724 2223 1787 Marg.
2248 1738 2455 1789 quoque
2488 1738 2602 1772 nos-

1544 1805 1626 1851 ter
1648 1802 1980 1865 agnoscit,nt
2006 1809 2062 1853 et
2080 1803 2239 1853 aerius
2253 1818 2344 1867 pro
2367 1803 2611 1866 atherius,

1546 1875 1728 1927 addito
1758 1876 1925 1928 Vossii
1950 1880 2175 1930 nomine.
2210 1879 2381 1941 Preig.
2432 1879 2605 1942 Repo·

1546 1954 1623 2003 sui
1651 1963 1878 2005 veterem
1918 1970 1984 2006 ex
2016 1956 2148 2006 Mss.
2177 1956 2474 2006 lectionem.
2510 1956 2606 2005 Re·

1543 2032 1721 2083 stim-it
1741 2032 1878 2083 enim
1897 2048 2006 2084 esse
2029 2034 2326 2099 legendum,
2349 2048 2449 2082 non
2474 2032 2608 2082 Prae-

1545 2114 1743 2177 uinxit,
1755 2114 2046 2165 clarissime
2061 2111 2332 2178 apparebit
2343 2109 2613 2163 conferen-

1548 2192 1588 2241 ti
1609 2207 1813 2242 versnm
1829 2198 1879 2241 5.
1898 2195 2010 2241 121.
2031 2191 2048 2219 ‘
2066 2191 2389 2254 restinguere
2409 2187 2612 2250 solem,’

1549 2269 1797 2335 aliosque,
1819 2270 1907 2335 qui
1941 2283 2008 2318 ex
2046 2267 2318 2318 Indicibus
2351 2266 2462 2331 peti
2498 2281 2613 2331 pos-

1550 2354 1689 2398 sunt.
1777 2348 1892 2398 Imo
1936 2345 2265 2413 quantumvis
2298 2343 2612 2409 proeutngue·

1549 2439 1605 2475 re
1647 2412 1931 2474 defe'ndere
1973 2424 2172 2474 nitatur
2211 2420 2613 2472 auctoritatibus

1551 2502 1867 2566 scriptorum
1914 2501 2223 2561 Lambinus3
2255 2500 2401 2549 nulia
2440 2507 2613 2549 tamen

1552 2592 1615 2626 ex
1641 2576 1703 2625 iis
1724 2584 1824 2639 est,
1845 2576 1967 2640 quin
1993 2577 2250 2627 diversum
2294 2576 2358 2625 ab
2380 2575 2477 2624 hoc
2501 2575 2616 2625 loco

1551 2666 1756 2703 sensnm
1768 2649 2004 2712 adferat3
2027 2651 2471 2716 pra-stinguuntur
2481 2650 2617 2699 enim

1554 2729 1745 2780 lumina
1784 2729 1941 2791 illius,
1965 2728 2051 2792 qui
2090 2727 2215 2777 alios
2249 2728 2344 2776 hoc
2384 2736 2510 2776 casu
2544 2726 2618 2775 vi·

1555 2804 1679 2854 dere
1719 2820 1821 2856 nou
1862 2810 2053 2868 potest,
2086 2804 2506 2868 exstinguuntur,
2528 2817 2621 2853 seu

1556 2882 1951 2946 restinguuntur
1972 2881 2104 2945 ejus,
2120 2881 2207 2945 qui
2230 2879 2296 2930 ab
2316 2879 2430 2929 aliis
2450 2878 2621 2929 videri

1555 2961 1756 3025 nequit,
1775 2958 1914 3025 qnod
1937 2959 2019 3009 liic
2049 2966 2103 3008 et
2122 2957 2235 3008 aliis
2258 2958 2309 3006 in
2332 2956 2460 3007 locis
2484 2955 2622 3021 apud

1560 3036 1857 3087 Lucretium
1879 3035 2183 3087 intenditur.
2252 3035 2384 3085 Hau.
2510 3037 2515 3044 ⁴

1628 3112 1850 3176 Omneis]
1886 3113 2103 3164 Omneis
2119 3113 2447 3177 philosophos
2470 3117 2525 3160 et
2541 3125 2624 3159 sa-

1562 3190 1787 3254 pientes,
1809 3191 1889 3238 vel
1931 3190 2124 3239 omneis
2152 3188 2423 3237 homines:
2460 3194 2515 3236 et
2549 3185 2625 3236 ita

1562 3264 1800 3316 adscribe
1844 3271 2020 3317 notam
2070 3265 2416 3315 distinctionis
2463 3264 2625 3315 verbo

1570 3343 1939 3394 ‘Praestinxitss
2003 3343 2171 3393 lamb.
2606 3355 2613 3362 ·

1627 3424 1754 3470 1057
1779 3420 1957 3470 Stellas
1979 3426 2174 3470 exortus
2190 3420 2264 3470 uti
2281 3419 2509 3470 «etherius
2526 3420 2620 3484 sol]

1563 3495 1644 3546 De
1689 3495 1919 3546 Homero
1948 3496 2073 3557 -illo‚
2110 3510 2261 3560 quem
2283 3496 2447 3546 Carus
2471 3495 2625 3545 modo

1565 3580 1626 3623 nt
1644 3587 1822 3638 regem
1848 3572 2119 3638 poetarum
2160 3572 2456 3638 descripsit,
2490 3573 2629 3622 sirni-

1564 3648 1837 3699 litudiuem
1849 3649 2065 3699 eandem
2082 3651 2355 3712 usurpavit
2375 3649 2629 3698 Leonidas

1565 3725 1886 3775 Tarentinus
1923 3726 2039 3775 Lib.
2082 3729 2127 3775 1.
2169 3723 2497 3787 Authologiae
2522 3723 2630 3775 Tit.

1565 3805 1647 3853 219.
1670 3803 1723 3852 in
1749 3802 1940 3852 Poetas
1959 3819 1973 3852 z
1996 3801 2182 3867 Ἄστρα
2193 3800 2280 3860 μὲν
2298 3800 2541 3865 ἠμαύρωσε
2557 3801 2633 3852 καὶ

1568 3880 1666 3945 ἱερὰ
1678 3878 1831 3929 κύκλα
1844 3879 2064 3943 σελήνης,
2075 3878 2248 3942 Ἀξονα
2268 3878 2474 3938 δινήσας,
2491 3878 2632 3941 ἔμπν-

1566 3973 1647 4020 ρος
1681 3957 1855 4014 ἠέλιος·
1886 3953 2204 4016 Ὕμνοπόλους
2241 3955 2477 4018 ἀγεληδὸν
2519 3957 2641 4015 ἄτη-

1567 4031 1796 4094 Mimo*
1815 4031 2042 4097 Ὅμηρος,
2073 4031 2411 4096 Λαμπρότατον
2439 4035 2637 4086 Μουσῶν

1568 4107 1751 4173 φέγγος
1785 4110 2123 4174 ἀνασχόμενος.
2160 4111 2319 4175 Cujus
2364 4111 2637 4174 Epigram-

1569 4191 1725 4240 matis
1741 4190 1854 4239 liaee
1869 4188 2142 4239 venatorii
2159 4197 2239 4237 est
2258 4186 2455 4237 versio:
2477 4187 2492 4213 ‘
2511 4186 2637 4236 Om-

1572 4267 1658 4316 nia
1698 4267 1748 4316 vi
1786 4266 1917 4316 lucis
1941 4273 2152 4331 superat
2176 4264 2251 4313 sol
2276 4264 2457 4327 igneus
2482 4271 2640 4324 astra,

1573 4345 1937 4414 Obfuscatque
1961 4345 2133 4406 orbes,
2168 4340 2363 4406 pallida
2384 4342 2524 4406 luna,
2557 4350 2637 4390 tu-
