3009 4925
491 381 625 451 ‘732

1234 397 1305 450 Τ.
1356 392 1711 449 LucRBTu
1761 396 1943 448 calu

495 542 879 623 Grandinis,
906 544 979 608 in
1009 543 1269 627 magnis
1300 546 1597 610 sonitum
1618 544 1740 610 dat
1766 546 2052 611 nubibus
2080 544 2261 612 alte:

491 643 748 711 Ventus
777 646 952 711 enim
983 666 1187 731 quom
1220 646 1575 726 conseruit,
1600 647 2013 730 franguntur,
2039 648 2109 713 in
2139 655 2357 715 artum

495 745 866 826 Conci-etei,
897 757 1161 813 montes
1190 750 1562 814 nimborum
1591 756 1661 817 et
1690 750 2008 834 grandine
2035 753 2276 817 mixta.

523 881 528 891 ·
582 851 814 936 Fulgit
842 852 1027 931 item,
1056 854 1270 917 nubes
1299 853 1472 936 ignis
1494 872 1703 937 quom
1732 853 1992 918 semina
2019 855 2234 919 multa

497 1057 543 1101 et
561 1052 716 1116 lapsus
730 1051 1000 1113 grandinis,
1024 1050 1121 1100 edit
1142 1064 1355 1101 mman-
1370 1065 1476 1100 cust
1494 1064 1665 1114 mogus
1690 1052 1891 1101 elamore
1927 1051 1982 1101 in
2004 1051 2192 1114 πως-ιώ
2213 1050 2406 1101 nabilis.
2479 1050 2699 1113 Nat-qus

495 1117 578 1166 nbi
608 1122 771 1166 ventus
792 1117 1038 1164 condensat
1061 1115 1244 1177 nubea,
1264 1120 1378 1165 tunc
1398 1121 1577 1165 montes
1598 1116 1878 1175 nubilorum,
1914 1118 2128 1166 comensi
2169 1117 2222 1165 ia
2254 1121 2512 1177 ung-ustum
2554 1117 2700 1165 inter·

493 1182 627 1231 nisti
645 1182 880 1244 grandiae
898 1181 1251 1245 dirumpuntur.
1322 1180 1518 1230 Pariter
1539 1180 1788 1245 fulgurat,
1829 1184 2014 1245 quando
2037 1181 2178 1231 nubes
2210 1181 2432 1246 conflictu
2456 1196 2546 1230 sao
2579 1180 2703 1230 exei-

1414 1326 1622 1347 OOOOOO

1626 1327 1773 1347 00000

502 1408 585 1458 ed.
609 1408 703 1459 Tb.
729 1410 984 1460 Rae-157
1020 1410 1145 1460 enim
1183 1410 1334 1461 deest
1368 1411 1508 1462 Mus.
1547 1411 1613 1461 B.
1642 1416 1693 1461 2.
1732 1410 1966 1460 convertit
2001 1410 2066 1459 P.
2092 1409 2158 1459 V.
2200 1408 2285 1458 ed.
2322 1409 2418 1458 Th.
2449 1409 2550 1459 Ra.
2588 1405 2709 1457 ΑΜ.

500 1473 700 1539 Grypli.
725 1489 888 1538 marg.
907 1476 1029 1525 Bas.
1054 1491 1215 1538 marg.
1237 1476 1391 1526 Bodl.
1413 1475 1639 1536 conset-sit
1657 1477 1725 1528 O.
1745 1475 1988 1536 confertur
2013 1475 2152 1525 Mus.
2174 1475 2235 1525 Β.
2256 1477 2303 1523 1.
2327 1472 2481 1536 conse,
2501 1473 2714 1537 reliquis

502 1540 723 1602 omissis,
741 1540 877 1590 Mus.
899 1540 963 1589 Β.
985 1544 1035 1591 2.
1055 1540 1276 1602 consen-tit
1299 1541 1455 1591 Cant.
1482 1542 1621 1592 Mus.
1647 1543 1708 1592 B.
1731 1545 1780 1591 8.
1800 1542 2029 1590 consertit
2047 1540 2189 1590 Fert.
2223 1536 2457 1598 masur-cit
2479 1537 2713 1603 quidam.

500 1605 651 1654 altum
674 1606 734 1655 P.
748 1606 815 1655 V.
832 1605 916 1654 cd.
937 1606 1090 1656 Bodl.
1113 1607 1260 1656 Fert.
1275 1607 1376 1659 Th.
1397 1608 1490 1657 Ra.
1512 1605 1635 1657 Ald.
1657 1606 1858 1672 Gryph.
1877 1620 2040 1666 marg.
2063 1605 2184 1654 Bas.
2204 1606 2532 1665 marg—158
2557 1605 2713 1652 mixtu

501 1669 565 1719 P.
587 1668 651 1720 V.
685 1669 770 1721 ed.
814 1669 969 1721 Bodl.
1009 1671 1108 1722 Tb.
1144 1672 1243 1722 Ra.
1277 1672 1397 1722 ΑΜ.
1434 1673 1583 1723 mixti
1612 1671 1732 1723 edd.
1760 1672 2067 1735 vulg.—159
2101 1670 2271 1733 Fulgit
2296 1668 2523 1730 Nouius,
2551 1680 2607 1719 x.
2638 1672 2712 1717 12.

520 1850 526 1855 .
1494 1803 1717 1854 NOTAE

572 1897 893 1961 Gelifragor]
949 1898 1024 1949 Η.
1044 1913 1090 1949 e.
1116 1899 1235 1963 gelu
1271 1908 1569 1966 preruptus
1650 1898 1815 1949 nubes
1837 1904 1950 1949 tota
1967 1912 2132 1964 aquea
2165 1898 2252 1963 sit,
2281 1897 2372 1947 sed
2396 1903 2607 1962 partem
2630 1897 2725 1947 eti·

505 1977 701 2040 lapsus.
766 1974 977 2025 Dicitur
1013 1983 1190 2026 autem
1225 1977 1418 2042 gelum,
1457 1979 1495 2040 i,
1515 1986 1573 2029 et

505 2055 626 2118 gelu
647 2053 1033 2105 indeclinabile.
1088 2053 1176 2104 Sic
1200 2069 1302 2105 vss.
1319 2059 1434 2106 529.
1455 2058 1571 2106 8⁷⁷.

571 2131 733 2180 Ruina
762 2129 1040 2194 grandinis]
1091 2129 1271 2180 Imber
1310 2130 1575 2196 grandinis

508 2208 726 2269 ruentis,
747 2214 803 2257 et
825 2206 1084 2257 cadentis.

509 2314 518 2323 .
574 2285 670 2332 157
706 2283 972 2347 Consercit]
1011 2283 1328 2345 Condensat‚
1348 2283 1508 2348 cogit.

573 2362 670 2409 158
706 2361 897 2411 Montes
917 2360 1203 2425 nimborum]
1261 2361 1458 2426 Nimbi,
1478 2377 1569 2411 seu

506 2434 668 2486 nubes
689 2436 858 2488 instar
878 2437 1126 2488 montium
1149 2437 1389 2502 grandes.

574 2517 671 2562 159
705 2514 877 2577 Fulgit
897 2514 1029 2579 item,
1049 2513 1157 2580 qm]
1210 2514 1484 2565 Hactenus
1501 2516 1572 2566 de

511 2590 740 2642 tonitru:
774 2606 911 2642 niuno
948 2607 1069 2643 vero
1098 2593 1176 2643 liis
1199 2597 1280 2644 59.
1305 2607 1404 2644 vss.
1427 2607 1572 2659 seqq.

512 2667 675 2718 docet
692 2666 863 2719 Poeta
883 2669 952 2719 de
973 2668 1178 2734 fulgure
1213 2684 1301 2719 seu
1326 2668 1575 2734 fulgetra,

510 2752 605 2795 aut
634 2745 1013 2796 coruscatione.
1093 2747 1215 2796 Tria
1253 2746 1391 2796 euim
1433 2753 1575 2809 sunt,

510 2821 729 2881 tonitru,
754 2820 948 2884 fulgur,
980 2829 1034 2871 et
1069 2821 1284 2874 fulmen.
1330 2824 1575 2885 'souin-u,

512 2897 741 2961 Gallice,
760 2900 805 2947 le
826 2898 955 2947 brait
976 2901 1041 2949 da
1068 2900 1320 2950 :tunna-re.
1356 2900 1575 2964 Fulgur,

513 2973 739 3037 Gallice,
760 2972 956 3024 l'bclair.
1022 2976 1257 3038 Fulmen,
1281 2975 1510 3038 Gallice,
1533 2977 1577 3025 le

512 3066 711 3102 cmm
741 3051 1008 3113 dasoudre.
1051 3053 1217 3117 Supra
1250 3051 1577 3116 disputatum

512 3136 597 3179 est
611 3129 721 3193 jam
745 3128 814 3180 de
836 3128 1063 3180 tonitru:
1101 3142 1239 3180 nunc
1261 3129 1330 3179 de
1351 3128 1579 3194 fulgure.

512 3206 685 3256 Docet
705 3211 882 3256 autem
908 3206 1181 3256 Lucretius
1214 3204 1358 3256 hisce
1393 3209 1446 3256 4.
1474 3219 1579 3258 vss.

513 3283 776 3348 prioribus
814 3283 990 3349 fulgur
1029 3297 1121 3335 seu
1166 3281 1581 3334 coruscationem

513 3358 639 3410 nihil
685 3359 823 3411 aliud
858 3374 993 3422 esse,
1036 3374 1189 3425 quam
1228 3357 1585 3409 inflammatio-

453 3492 464 3503 ,
509 3453 631 3489 nem
668 3453 735 3489 ex
773 3438 1047 3490 attritione
1088 3438 1319 3489 nubium.
1386 3437 1580 3488 Censet

513 3517 672 3580 euim,
690 3517 828 3568 sicut
850 3517 901 3567 in
925 3516 1119 3581 lapide,
1141 3514 1305 3579 ferro,
1320 3522 1412 3566 aiut
1433 3516 1581 3580 ligno

512 3592 711 3642 semina
729 3593 865 3654 ignis
881 3593 1229 3656 continentur,
1252 3608 1371 3658 quae
1395 3593 1581 3644 attritu

515 3674 735 3731 possunt
768 3667 949 3717 excuti
982 3675 1038 3716 et
1069 3668 1123 3716 in
1162 3668 1411 3718 scintillas
1439 3668 1581 3733 elici,

513 3743 591 3792 ita
623 3743 678 3792 in
717 3741 942 3793 nubibus
981 3742 1177 3791 semina
1213 3757 1416 3808 quoque
1447 3744 1582 3806 ignis

513 3833 651 3883 esse,
692 3832 811 3883 qum
855 3817 1069 3869 nubium
1123 3818 1353 3882 ipsarum
1392 3819 1584 3870 attrita

515 3893 657 3946 facto
679 3908 776 3959 per
808 3893 1037 3945 validam
1073 3894 1178 3944 vim
1217 3894 1363 3944 venti
1390 3900 1585 3959 queant

518 3971 698 4041 excuti
719 3971 770 4020 in
792 3971 1226 4023 coruscationem.
1275 3962 1429 4022 Licet
1446 3971 1584 4022 enim

513 4048 680 4100 nubes
700 4046 924 4098 humida
947 4047 1072 4112 sint,
1094 4053 1266 4098 tamen
1306 4062 1484 4100 earum
1505 4055 1585 4101 at·

519 4126 652 4175 tritu
690 4125 932 4191 generari
990 4133 1172 4191 potest
1226 4125 1392 4191 ignis;
1446 4142 1586 4192 cum,

521 4208 660 4252 teste
680 4203 882 4253 Seneca
897 4217 961 4254 11.
977 4207 1060 4255 25.
1082 4210 1139 4254 et
1159 4207 1241 4254 26.
1261 4217 1427 4270 neque
1448 4205 1587 4270 ignis

515 4278 627 4331 sine
658 4280 832 4347 aliquo
866 4280 1084 4334 humore
1125 4283 1390 4350 gignatur,
1422 4297 1588 4350 neque

1653 1988 1736 2026 am
1774 1977 2062 2040 contineat,
2091 1991 2207 2042 quae
2243 1974 2405 2040 possit
2431 1975 2724 2039 ignescere,

1655 2066 1719 2104 eo
1748 2053 1899 2103 modo
1921 2068 2024 2119 quo
2062 2050 2204 2119 saipe
2234 2053 2287 2102 in
2311 2050 2451 2116 liguo
2474 2051 2580 2101 alia
2605 2065 2723 2115 pars

1655 2128 1823 2191 ardet,
1841 2129 1943 2179 alia
1974 2129 2147 2182 sudat.
2209 2129 2348 2180 Saue
2368 2141 2539 2192 neque
2562 2126 2616 2176 id
2637 2126 2725 2177 ab·

1610 2257 1615 2261 .
1653 2206 1769 2257 nuit
1790 2205 2011 2269 Plinius,
2022 2207 2110 2272 qui
2132 2218 2194 2256 tt.
2215 2209 2299 2256 42.
2323 2211 2505 2253 censet
2528 2209 2545 2232 ⁸
2568 2216 2724 2268 posse

1652 2291 1709 2334 et
1741 2284 1948 2348 attritu,
1980 2283 2101 2333 dum
2141 2283 2193 2332 in
2230 2295 2463 2346 praeceps
2500 2279 2726 2343 feratur,

1651 2362 1817 2425 illum,
1835 2363 2064 2428 quisquis
2088 2368 2188 2425 est,
2210 2361 2449 2424 spiritum
2469 2358 2721 2408 accendi:

1654 2454 1803 2505 posse
1836 2449 1892 2491 et
1933 2437 2182 2491 conflictu
2226 2437 2439 2489 nubium
2483 2433 2634 2500 elidi,
2668 2436 2725 2485 ut

1655 2517 1869 2567 duorum
1910 2517 2143 2582 lapidum
2178 2513 2583 2566 scintillantibus
2626 2509 2728 2560 ful-

1656 2593 1853 2660 getris!
1916 2592 2084 2644 Addit
2105 2593 2309 2643 Seneca
2330 2590 2527 2640 citatus
2550 2602 2726 2637 exem·

1656 2674 1797 2739 plum
1819 2674 2093 2737 lignorum,
2113 2678 2169 2721 ut
2192 2669 2342 2731 lauri,
2375 2674 2468 2718 aut
2495 2665 2729 2727 bederae,

1653 2764 1770 2814 quae
1809 2751 1991 2799 attrita
2031 2747 2330 2814 exprimant
2374 2745 2566 2808 iguem.
2637 2741 2727 2793 Sic

1655 2825 1993 2875 Democritus
2042 2823 2178 2889 apud
2227 2822 2489 2873 Stobaeum
2544 2820 2731 2884 Eelog.

1656 2901 1869 2964 Physic.
1912 2901 2050 2952 dixit
2086 2902 2104 2930 ‘
2131 2901 2324 2964 Fulgur
2357 2912 2471 2950 esse
2508 2897 2730 2949 collisio·

1656 2991 1773 3027 nem
1817 2975 2049 3040 nubium,
2094 2992 2192 3042 qua
2238 2975 2548 3042 corpuscula
2594 2973 2731 3038 ignis

1657 3052 1963 3117 eflectricia‚
1996 3054 2151 3104 variis
2189 3051 2590 3117 afflictionibus,
2632 3062 2731 3116 per

1663 3144 1841 3181 earum
1881 3131 2056 3181 inania
2097 3131 2409 3196 multiplicia
2461 3130 2516 3179 in
2559 3121 2728 3179 'unum

1662 3208 1926 3273 coeuntia,
1956 3209 2099 3274 quasi
2124 3206 2497 3273 percoleutur.'
2541 3206 2734 3272 Itaque

1662 3283 1837 3350 firlgur
1854 3285 1981 3334 nibil
2004 3283 2145 3335 aliud
2167 3291 2270 3346 est,
2289 3298 2444 3349 quam
2467 3284 2557 3332 lux
2581 3283 2735 3333 emis·

1662 3376 1741 3424 sa,
1774 3360 2080 3427 deffusaque
2112 3376 2208 3426 per
2235 3361 2410 3411 aerem
2445 3375 2477 3411 a
2501 3357 2733 3410 fulminis

1660 3438 1885 3491 flamma.
1950 3438 2153 3490 Plinius
2176 3447 2371 3501 autem,
2406 3441 2573 3488 nats.
2639 3437 2733 3486 Se-

1660 3533 1793 3569 neca
1813 3531 1875 3569 n.
1896 3520 1979 3567 16.
2013 3523 2071 3566 et
2098 3520 2183 3566 21.
2219 3523 2278 3565 et
2314 3513 2631 3568 Aristoteles
2668 3512 2735 3563 de

1659 3602 1878 3647 meteor.
1906 3608 1971 3644 ιι.
1995 3599 2046 3645 9.
2085 3593 2268 3643 volunt
2303 3592 2477 3656 ignem
2512 3587 2734 3660 fulguris

1663 3688 1779 3723 esse
1807 3672 2079 3733 laxiorem,
2100 3671 2297 3736 quippe
2328 3668 2419 3735 qui
2441 3666 2633 3743 nubem
2654 3679 2735 3715 so-

1661 3748 1926 3799 lummodo
1946 3746 2130 3812 findat,
2161 3754 2215 3797 et
2249 3745 2303 3795 in
2325 3743 2501 3794 aiirem
2523 3757 2735 3793 evanes-

1663 3832 1783 3876 cat:
1819 3825 1993 3890 iguem
2030 3838 2157 3874 vero
2192 3821 2424 3873 fulminis
2458 3834 2574 3871 esse
2596 3835 2736 3872 eom·

1664 3902 1995 3965 pressiorem,
2033 3901 2226 3965 quippe
2263 3901 2351 3966 qui
2387 3898 2579 3949 unbem
2619 3913 2737 3964 per·

1664 3985 1892 4042 rumpat,
1928 3983 1986 4027 et
2027 3975 2286 4026 interdum
2333 3974 2385 4023 in
2417 3979 2613 4024 terram
2644 3973 2739 4023 im-

1664 4054 1928 4118 pingatur.
1993 4051 2148 4105 Quod
2203 4052 2410 4118 quidem
2454 4050 2737 4102 verisimile

1667 4131 1831 4182 solum
1857 4130 2064 4179 videtur
2085 4142 2200 4178 esse
2236 4127 2290 4178 in
2323 4127 2388 4177 iis
2423 4125 2736 4192 fulguribus,

1669 4223 1784 4273 quae
1807 4207 1919 4258 sine
1935 4206 2130 4257 tonitru
2154 4206 2384 4256 micant:
2418 4204 2472 4255 in
2496 4205 2560 4254 iis
2581 4203 2738 4274 enini,

1667 4298 1786 4350 quse
1803 4298 1922 4336 cum
1945 4282 2140 4335 tonitru
2157 4297 2218 4334 ac
2231 4281 2451 4334 fulmine
2470 4287 2738 4343 creantur,
