3009 4925
442 426 516 475 τ.
566 424 922 475 Lucam-11
970 422 1149 474 can·
1203 423 1301 473 nn
1348 423 1618 476 neuun
1669 425 1845 476 nu.
1891 426 2037 476 mu.
2081 427 2202 476 ιιι.
2285 409 2464 480 lm

250 567 1000 632 incomitatus-,animitaturi
1033 569 1051 600 ⁸
1071 567 1319 620 Nuneal·
1389 566 1572 622 hob-u
1603 567 1801 634 ἄνευ,
1833 570 2006 621 vereri
2038 585 2114 635 se,
2152 583 2221 621 ue
2252 570 2328 622 illl
2368 573 2459 622 τοῦ

252 653 307 697 ts
322 648 512 698 vulnus
537 646 793 700 adactum’
816 646 952 698 Vide
970 646 989 675 ⁴
1006 645 1193 709 Intns‚'
1222 661 1317 713 pro

248 723 406 776 iuno.
476 725 546 776 In
569 726 921 777 collectaneis
958 723 1077 776 Gis.

249 813 422 866 qnam,
450 801 633 852 neseio
662 801 790 867 qnid
812 799 1189 865 ᾴφπιιότορον
1226 801 1316 851 ba-

248 875 344 929 bet
370 878 473 929 hoc
504 880 522 907 ‘
543 878 696 929 Intus
718 877 930 928 adacts'
961 892 1113 944 quam
1138 877 1180 927 si
1200 876 1316 928 dix-

249 952 378 1005 isset
400 953 612 1004 ‘intro-²
644 956 815 1019 Preig.

312 1031 409 1081 1⁷8
448 1031 701 1097 Tmoeqss
731 1032 911 1096 petitus
943 1030 1138 1097 Suavis]
1171 1032 1315 1082 Dum

248 1105 286 1155 ii
331 1106 520 1171 quibus
566 1123 708 1172 aegre
746 1115 848 1173 est,
887 1115 1081 1159 terram
1123 1108 1314 1173 cupide

247 1189 461 1247 petunt,
504 1182 561 1233 id
596 1192 696 1244 est,
729 1184 783 1233 lu
828 1192 962 1236 terra
1001 1185 1315 1236 decumbere

249 1259 483 1322 cupiunt.
512 1274 617 1310 non
654 1269 869 1326 possunt
892 1261 1030 1312 euim
1053 1262 1092 1312 ii
1125 1262 1312 1329 quibus

247 1334 417 1400 eliqua
450 1336 768 1388 valetudinis
804 1339 1125 1403 perturbatio
1159 1340 1312 1390 desu-

251 1409 361 1462 bito
386 1414 606 1478 accidit,
629 1415 765 1466 recti
803 1423 969 1481 stare,
989 1417 1085 1468 sed
1117 1431 1312 1481 cognu-

249 1492 337 1537 tur
365 1488 685 1540 decumbere
728 1498 784 1542 et
813 1492 1018 1557 jacere.
1057 1493 1133 1545 sic
1162 1495 1311 1560 Virg-

250 1564 363 1615 AEn.
380 1569 430 1617 8.
451 1570 539 1617 93.
560 1567 578 1596 ‘
591 1566 845 1619 Submissi
859 1569 1081 1635 petimus
1098 1578 1311 1636 terram,

248 1647 305 1692 et
336 1657 439 1693 vox
482 1642 655 1695 fertur
697 1645 765 1696 ad
806 1645 1014 1697 aureis)
1049 1653 1105 1698 et
1149 1648 1305 1699 bucr.

252 1736 362 1787 sup.
385 1723 479 1774 lib.
505 1728 555 1775 1.
576 1728 660 1777 98.
710 1725 727 1754 ‘
750 1725 905 1775 Muta
939 1730 1079 1775 metu
1116 1732 1307 1776 terram

251 1798 461 1863 genibus
480 1801 734 1851 submissu
751 1800 981 1865 petebat.
999 1801 1167 1852 Lomb.
1193 1802 1306 1851 Ter-

250 1887 406 1937 raeque
420 1876 625 1940 petitus,
640 1883 723 1927 est
745 1876 979 1939 tristitia,
992 1891 1110 1928 nam
1129 1878 1306 1928 tristes

249 1956 441 2002 terram
477 1960 829 2004 contuentur:
888 1953 1028 2019 quod
1081 1953 1306 2004 Horatio

246 2025 265 2055 ‘
285 2028 453 2091 posito
475 2029 655 2094 capite
674 2027 802 2080 flere
821 2029 857 2080 τ’
895 2028 1018 2081 vide
1058 2030 1304 2082 Nonium.

249 2102 353 2154 Sed
367 2105 538 2156 verius
560 2113 686 2171 puto
708 2106 833 2157 nibil
851 2107 1170 2158 mutandum.
1201 2107 1306 2159 Pe-

249 2185 363 2231 tunt
382 2188 576 2233 terram
599 2182 910 2244 moribundi,
943 2184 998 2234 iu
1021 2189 1158 2234 terra
1180 2197 1304 2235 vero

248 2258 495 2321 prostrati
541 2264 768 2311 aestuaut
810 2259 1173 2327 interdumque
1212 2260 1304 2311 de·

249 2345 347 2384 nuo
366 2335 659 2403 exurgendi
692 2336 796 2390 illls
834 2337 1063 2388 nascitur
1094 2336 1303 2403 cupido.

252 2407 322 2462 Is.
356 2409 490 2465 Voss.

310 2495 402 2543 1⁷4
434 2495 503 2545 Et
524 2494 580 2545 ἔκ
611 2499 743 2546 terra
774 2496 968 2560 mattis]
1001 2496 1089 2548 Sic
1108 2496 1303 2548 babent

248 2575 485 2632 quattuor
516 2571 640 2624 libri
685 2574 1025 2639 manuscript.
1091 2575 1304 2625 Floren-

249 2645 342 2695 tini
364 2654 558 2715 autem,
572 2656 621 2703 et
636 2652 692 2703 in
712 2652 1008 2704 umnam.
1074 2651 1303 2704 Omnino

247 2717 421 2775 horum
458 2727 762 2792 verborum,
790 2729 1146 2796 cujuscunque
1183 2729 1307 2794 sint,

247 2803 503 2854 sententia
521 2803 741 2856 obscura
760 2812 861 2871 est,
891 2806 991 2856 uisi
1023 2805 1162 2858 forte
1190 2807 1304 2857 boec

249 2874 344 2927 sit:
389 2886 445 2930 et
476 2882 766 2948 insequitur
801 2883 975 2934 suavis
1011 2890 1167 2935 term
1210 2898 1302 2950 pe·

249 2949 388 3020 titus,
423 2964 480 3008 ct
510 2960 704 3009 mentis
736 2966 916 3024 aestus,
950 2959 986 3011 i.
1020 2976 1068 3012 e.
1090 2958 1333 3012 coutur·‘

247 3025 404 3097 butio,
436 3047 553 3101 ηοω
582 3034 645 3086 fit
674 3035 729 3086 in
766 3043 929 3102 terra,
961 3051 1105 3103 aegro
1137 3037 1227 3089 illo
1248 3037 1302 3088 ln

246 3108 436 3159 terram
475 3112 667 3163 sensim
716 3113 966 3179 collapso.
1055 3114 1213 3168 Quod
1259 3115 1303 3165 si

247 3182 358 3266 uuis
388 3187 538 3238 malit
571 3189 673 3254 legi
704 3191 857 3255 nutis,
900 3192 1079 3242 mitem
1116 3200 1301 3243 astum

246 3260 608 3328 intelligemus,
630 3279 733 3316 nou
755 3266 969 3317 letalem
991 3280 1162 3333 neque
1184 3280 1301 3331 pes·

247 3330 468 3392 tiferum.
499 3340 669 3392 Lm.

306 3416 508 3485 Mentis]
526 3418 749 3474 Quidam
767 3425 1002 3472 veteres:
1024 3417 1303 3472 mitanis.

312 3495 401 3544 176
441 3497 509 3546 Es
543 3497 785 3548 interdum
815 3496 1128 3562 exsurgendi]
1172 3497 1220 3547 1.
1253 3511 1304 3549 e.

250 3572 307 3617 et
325 3569 582 3623 interdum
614 3573 942 3638 deliberatio,
974 3589 1069 3626 seu
1100 3573 1304 3625 dubita-

251 3644 339 3709 tio,
358 3656 530 3701 utrum
554 3657 821 3717 exsurgat,
845 3666 911 3702 uu
929 3652 1088 3702 etiam
1101 3650 1303 3716 jaceat.

253 3721 338 3770 sed
359 3737 460 3774 uon
483 3731 565 3777 est
584 3727 721 3793 quod
752 3727 833 3778 bis
864 3727 1101 3778 versibus
1134 3727 1304 3792 expli·

253 3798 424 3850 caudis
440 3810 638 3854 tantam
661 3817 872 3869 operam
895 3816 1304 3869 ponamus.·nam

253 3868 297 3918 si
324 3877 463 3928 nothi
496 3886 637 3945 suut,
671 3880 875 3932 inanem
912 3894 1126 3946 operam
1149 3881 1306 3931 sumi-

255 3958 389 4001 mus:
444 3955 525 4005 siu
577 3956 832 4022 germani,
885 3957 1010 4008 satis
1053 3955 1306 4021 explicati

254 4033 380 4077 sunt.
429 4029 596 4082 [οὐ.
660 4032 864 4098 Insigni
903 4047 1098 4098 errore,
1134 4033 1307 4099 inquit

255 4097 508 4172 Gifanius,
523 4107 615 4159 bos
627 4110 852 4175 quinque
871 4124 1045 4161 versm
1054 4108 1149 4177 (ab
1163 4107 1307 4177 171.)

256 4176 432 4230 nothos
452 4195 564 4234 esse
583 4191 737 4249 putat
750 4185 1050 4237 Lambinus.
1079 4186 1185 4237 Sed
1205 4201 1307 4239 nec

260 4262 395 4320 vere,
420 4272 588 4326 neque
608 4262 719 4311 siue
740 4261 1064 4327 impudentia
1083 4263 1196 4315 boec
1230 4265 1304 4315 lo·

259 4327 425 4391 quitur
439 4334 677 4389 Girsuius
692 4353 710 4390 z
742 4351 863 4395 num
883 4338 1164 4392 Lambinus
1179 4341 1308 4393 satis

1140 725 1318 778 αι...

1388 647 1590 706 ποιητοῦ
1606 660 1707 697 non
1738 647 1861 699 sint.
1928 648 2000 699 Et
2017 662 2146 698 sane
2167 662 2270 700 uon
2299 650 2456 701 aliter

1379 723 1628 788 judicare
1662 724 1855 789 potuit,
1887 723 1975 790 qui
2007 724 2214 775 videret
2249 739 2316 776 ex
2351 725 2456 775 illis

1391 807 1484 851 aut
1519 801 1935 852 obscurissimum
1957 815 2093 867 esse,
2112 808 2206 853 sut
2237 815 2458 867 corrup·

1389 876 1665 928 tissimum.
1695 876 1802 928 Sed
1816 876 2266 942 Pyrgopolynices
2278 884 2457 929 noster

1387 970 1485 1008 cur
1503 963 1825 1021 postremum
1846 957 1990 1008 illum
2007 970 2112 1008 nou
2132 956 2457 1021 explicavit?

1388 1038 1437 1085 st
1473 1034 1528 1085 in
1561 1040 1696 1086 tem
1724 1035 1899 1087 nentis
1923 1035 2007 1100 qui
2034 1034 2261 1098 gignitur
2290 1038 2454 1086 astus.

1388 1110 1443 1162 Si
1465 1118 1740 1178 corruptus
1761 1119 1863 1176 est,
1896 1111 2069 1162 danda
2087 1110 2268 1161 saltem
2289 1123 2456 1175 opera

1386 1187 1508 1254 fnit,
1530 1195 1591 1240 nt
1610 1189 1998 1240 emendaretur.
2048 1186 2150 1238 Sed
2172 1188 2328 1237 bomo
2345 1200 2452 1237 ma-

1387 1267 1576 1333 lignus,
1612 1267 1923 1334 invidnsque
1968 1268 2072 1317 vitu
2127 1264 2458 1330 mxuma-ced·

1384 1344 1580 1395 nullam
1601 1344 1807 1407 babuit3
1839 1358 2007 1410 neque
2029 1344 2137 1395 ullo
2153 1357 2378 1409 uuquam
2397 1343 2452 1395 in

1382 1420 1463 1470 his
1485 1420 1652 1471 literis
1673 1419 1878 1487 judicio
1900 1421 2088 1484 valuit,
2123 1419 2263 1486 quod
2286 1420 2452 1485 ipsius

1384 1497 1549 1548 editio
1573 1499 1688 1563 plus
1711 1498 1852 1548 mille
1875 1497 2118 1548 ducentis
2140 1495 2271 1546 locis
2294 1494 2451 1546 facile

1383 1574 1601 1640 probare
1623 1575 1802 1639 pouit.
1867 1574 1981 1637 Ego
2002 1579 2178 1622 autem
2198 1583 2318 1622 cunt
2338 1584 2450 1621 ren

1380 1651 1570 1716 ipsam,
1602 1666 1705 1717 qua
1727 1651 1797 1701 de
1818 1650 2049 1716 loquitur
2067 1654 2245 1714 poeta,
2279 1654 2452 1700 atten-

1383 1729 1489 1779 tius
1533 1728 1960 1790 considerassem,
2002 1741 2097 1792 pro
2137 1725 2213 1775 bis
2259 1724 2451 1789 verbis,

1380 1808 1430 1854 et
1460 1804 1517 1855 iss
1552 1809 1682 1854 tem
1718 1804 1892 1854 mentis
1916 1803 2001 1869 qui
2030 1803 2257 1866 gigniw·
2282 1807 2450 1864 estus,

1383 1895 1501 1947 quae
1526 1881 1654 1931 nibil
1684 1881 1798 1931 sani
1819 1879 2031 1941 babent,
2051 1877 2330 1943 legendum
2353 1891 2451 1942 pu·

1382 1959 1508 2024 tavi,
1548 1963 1598 2009 et
1647 1959 1890 2009 instet-m
1943 1956 2175 2008 moriendi
2221 1954 2452 2018 gignitur

1380 2040 1549 2100 estus,
1591 2035 1926 2099 lateramque
1965 2033 2118 2098 qnasi,
2166 2034 2248 2096 ξε.
2326 2030 2447 2081 Hoc

1379 2111 1505 2177 quid
1529 2112 1622 2176 sit,
1643 2117 1837 2162 norunt
1859 2111 2059 2176 optime
2095 2109 2185 2175 qui
2224 2107 2452 2173 lipotby·

1381 2188 1534 2238 mium
1572 2203 1640 2239 ex
1674 2188 1831 2238 animi
1865 2188 2135 2239 anxietate
2170 2182 2451 2251 aliquando

1380 2269 1524 2334 passi
1540 2275 1698 2331 suut;
1729 2274 1857 2319 tunc
1871 2268 2005 2318 enim
2025 2280 2128 2316 non
2147 2265 2262 2314 sine
2277 2263 2451 2327 aliquo

1372 2344 1722 2408 ,iucunditatis
1759 2351 1818 2396 et
1851 2344 2123 2396 suavitatis
2158 2356 2311 2393 seusu
2346 2346 2452 2391 ter-

1380 2433 1489 2473 ram
1534 2421 1768 2473 succidui
1808 2420 2051 2485 petimus,
2089 2424 2145 2470 et
2185 2414 2449 2468 interdum

1378 2497 1508 2547 mori
1531 2498 1701 2559 lubet,
1723 2496 2089 2561 interdumque
2113 2494 2350 2544 voluntas
2369 2493 2447 2541 in·

1379 2578 1532 2623 certa
1551 2570 1776 2623 fluctuat
1810 2571 1951 2622 luter
1981 2569 2191 2620 vivendi
2223 2568 2449 2621 morien·

1379 2648 1499 2700 dive
1520 2648 1813 2699 consilium.
1843 2648 1974 2698 Tale
1995 2644 2191 2712 aliquid
2212 2642 2449 2709 descrip-

1381 2727 1455 2777 sit
1472 2726 1621 2792 Vlrg.
1641 2728 1690 2777 4.
1707 2729 1825 2778 ποι.
1855 2725 1911 2775 in
1942 2721 2155 2776 Didone
2174 2721 2449 2785 moriente,

1380 2817 1500 2855 cum
1532 2804 1645 2869 jam
1685 2801 1787 2854 sibi
1838 2800 2114 2868 pugionem
2163 2797 2448 2863 adegisset·

1378 2881 1576 2932 Versus
1597 2887 1721 2932 suut
1740 2880 1897 2944 plane
1916 2876 2243 2929 admirabiles
2261 2890 2278 2925 ι
2312 2876 2328 2904 ‘
2344 2874 2449 2924 Illa

1380 2970 1565 3021 graves
1588 2958 1767 3008 oculos
1783 2963 1974 3007 conata
1985 2954 2248 3018 attollere,
2271 2965 2449 3003 rursus

1381 3034 1621 3087 Deficitt
1656 3033 1872 3085 infixum
1893 3032 2088 3085 stridet
2112 3030 2211 3083 sub
2231 3037 2449 3097 pectore

1380 3112 1585 3163 volnus.
1615 3112 1719 3162 'l'er
1734 3126 1793 3163 se
1814 3125 1872 3161 se
1885 3111 2147 3172 attollens,
2165 3107 2448 3172 cubitoque

1379 3185 1577 3249 innixa,
1589 3188 1814 3248 levavit3
1829 3187 1933 3236 Ter
1949 3186 2186 3235 revoluta
2199 3190 2317 3233 toro
2332 3188 2417 3232 est
2430 3197 2449 3245 ς

1378 3262 1651 3328 oculisque
1705 3261 1997 3312 errantibus
2041 3261 2149 3313 alto
2186 3259 2447 3312 Quaesivit

1379 3340 1516 3390 coelo
1557 3339 1752 3403 lucem,
1795 3338 2148 3405 ingemuitque
2197 3335 2451 3403 reperts.’

1377 3416 1483 3468 Sed
1514 3415 1742 3482 legenda
1757 3416 1850 3467 ills
1882 3416 1937 3466 in
1959 3416 2140 3481 primis
2161 3420 2304 3477 sunt,
2323 3427 2444 3479 qun

1378 3509 1409 3544 s
1433 3493 1694 3545 michaele
1716 3494 1969 3544 Montano
1991 3492 2246 3558 scriptore
2265 3490 2446 3555 Gallo,

1379 3585 1495 3635 qun
1529 3569 1598 3620 de
1631 3569 1828 3636 seipso,
1860 3583 1979 3621 cum
2012 3582 2080 3619 ex
2113 3582 2248 3633 equo
2277 3566 2329 3617 vl
2359 3581 2447 3616 su·

1378 3645 1490 3697 bita
1505 3645 1819 3696 deturbatus
1837 3650 1999 3708 esset,
2015 3644 2282 3697 memoria
2302 3656 2446 3693 nan-

1378 3721 1542 3773 davit.
1571 3720 1729 3775 Quod
1751 3720 1887 3771 enim
1910 3720 1999 3772 hic
2021 3719 2298 3772 Lucretius
2315 3719 2448 3771 seri·

1378 3799 1476 3863 bit,
1494 3798 1541 3849 si
1557 3797 1855 3849 emendatio
1876 3804 2056 3848 nostra
2070 3811 2200 3847 vers
2212 3803 2316 3860 est,
2339 3810 2449 3847 ous-

1378 3876 1523 3927 nium
1543 3876 1744 3941 optime
1767 3873 2206 3939 interpretabitur
2233 3872 2315 3924 vir
2339 3875 2448 3925 cla-

1378 3952 1566 4004 tissim.
1632 3953 1885 4004 Ceterum
1918 3952 1938 3980 ‘
1960 3949 2216 4002 moriendi
2257 3948 2448 4003 astus'

1378 4029 1485 4080 erit
1502 4027 1759 4079 moriendi
1777 4027 2020 4093 impetus,
2040 4026 2313 4078 consilium
2329 4040 2446 4077 cer·

1380 4113 1511 4172 tum,
1529 4110 1629 4159 &c-
1697 4107 1806 4161 Qui
1829 4107 1985 4173 paulo
2017 4105 2279 4158 tristiores
2303 4111 2448 4168 suut,

1381 4188 1465 4238 vel
1484 4201 1518 4238 a
1547 4194 1755 4252 natura,
1793 4187 1880 4236 vel
1911 4185 1978 4236 ab
2015 4184 2275 4246 arumnis,
2307 4183 2446 4245 baec,

1379 4264 1583 4330 o'pinor,
1625 4262 1955 4329 probabunt3
2008 4274 2177 4326 neque
2218 4258 2446 4309 fortasse

1380 4341 1469 4393 alii
1529 4339 1915 4408 improbabunt.
2013 4337 2150 4387 Nam
2211 4332 2443 4397 pluribus
