3009 4925
560 422 630 469 τ.
677 419 1042 470 nucum-11
1091 420 1270 471 cam
1323 420 1420 469 nn
1468 421 1736 473 Renum
1784 422 1962 472 Nar.
2009 424 2157 475 me.
2203 426 2251 477 1.
2323 411 2514 486 ‚1047

316 579 417 616 non
441 580 671 632 possum,
690 566 788 618 nisi
811 567 924 634 qnia
941 566 1084 617 dicat
1107 567 1182 617 ita
1205 566 1381 631 legen·

316 644 442 694 dnm
472 645 529 693 in
551 645 725 710 priore
753 660 924 709 versu,
943 645 1044 695 Aut
1062 644 1127 707 si,
1148 644 1292 694 etiam
1313 642 1383 694 ul·

315 726 560 772 teretrum
600 722 646 771 si
697 722 919 772 ‘eminet
971 724 1174 772 oleorum
1223 736 1383 771 eorum

315 797 545 863 &amplier
564 790 751 850 ‘nature
776 804 941 863 potent
973 806 1132 851 tumen
1161 800 1381 850 inme-

316 880 479 926 rctnms
495 893 513 928 .·
544 877 645 932 hac
666 880 947 942 sententia,
972 880 989 907 ‘
1013 876 1120 928 Aut
1141 878 1202 941 si,
1224 879 1380 928 etiam

314 952 361 1001 si
405 953 715 1005 alterutrum
758 956 1005 1006 terminet
1037 955 1255 1005 alterum
1297 970 1382 1005 eo·

317 1043 451 1091 rum,
468 1038 649 1093 pateat
664 1039 834 1081 tamen
853 1030 1244 1082 immoderatum
1264 1033 1381 1082 sim·

318 1105 460 1168 plice
493 1107 720 1170 naturn‚'
763 1108 799 1159 i.
828 1123 876 1159 e.
910 1107 1063 1157 inane
1106 1115 1278 1158 tamen
1311 1110 1380 1159 sit

316 1181 582 1235 infinitum
606 1186 763 1235 unica
787 1193 992 1246 natura,
1012 1184 1063 1237 h.
1086 1199 1135 1238 e.
1159 1200 1382 1251 corpora

318 1261 490 1324 prima
528 1277 631 1312 non
675 1263 785 1313 sint
832 1260 1053 1324 infinita,
1097 1262 1189 1312 sed
1227 1263 1381 1312 inane

294 1336 579 1388 -dnntaxst
598 1338 667 1389 sit
688 1337 965 1401 infinitum,
985 1343 1086 1389 &c.
1133 1338 1237 1389 Sed
1258 1354 1383 1405 quo·

316 1412 478 1465 modo
499 1415 543 1464 si
566 1415 873 1467 alterutrum
916 1414 984 1466 ab
1022 1416 1190 1465 altero
1222 1430 1382 1481 usque

316 1492 667 1545 adiufinitnm
707 1496 1033 1558 terminatur,
1071 1502 1241 1561 potest
1266 1509 1382 1547 esse

315 1572 631 1622 alterutrum
651 1572 907 1625 duntaxat
928 1573 1184 1624 infinitum
1203 1574 1222 1623 ?
1254 1574 1382 1624 Om-

316 1648 447 1699 nino
470 1648 614 1700 locus
629 1657 712 1700 est
727 1650 851 1701 mibi
868 1650 1074 1716 quidem
1098 1652 1381 1716 inexplica-

319 1724 464 1790 bilis,
477 1741 645 1793 neque
656 1727 981 1794 babeo‚quod
996 1726 1226 1793 afferam,
1238 1729 1381 1795 quic·

316 1817 477 1868 quam
498 1804 698 1857 melius.
719 1805 1033 1871 scripturam
1057 1807 1233 1871 igitur,
1264 1821 1381 1872 qum

318 1882 587 1945 reperitur
620 1882 674 1932 in
706 1882 940 1934 omnibns
965 1883 1111 1934 libris
1142 1883 1383 1948 vulgatis,

318 1958 464 2023 quod
498 1958 565 2009 ad
602 1960 830 2025 priorem
870 1974 1071 2013 versum
1093 1961 1284 2011 attinet
1313 1961 1383 2011 vi·

316 2034 556 2099 deamus,
592 2052 810 2102 eamque
846 2039 921 2089 sic
952 2038 1381 2103 interpretemur:

318 2111 438 2163 Aut
475 2114 635 2164 etiam
668 2115 766 2165 nisi
802 2116 1118 2167 alterutrum
1159 2116 1382 2166 alterum

316 2205 501 2241 eornm
534 2191 800 2256 terminet,
833 2200 889 2243 et
919 2193 964 2242 si
985 2192 1381 2244 immoderatum

252 2292 261 2298 ·
317 2269 559 2333 simplice
579 2277 786 2331 natura,
800 2271 837 2321 i.
856 2284 905 2321 e.
919 2271 1143 2335 spatium
1169 2272 1381 2324 immen-

318 2360 439 2395 sum
484 2347 638 2397 unica
678 2353 862 2397 natura
898 2349 1259 2399 tantummodo
1297 2363 1385 2413 pa-

322 2423 606 2489 teat,quod
619 2431 705 2474 est
722 2424 919 2490 dicere,
932 2425 976 2475 si
990 2426 1142 2477 inane
1160 2426 1381 2478 duntax-

319 2511 380 2554 at
402 2506 474 2553 sit
492 2503 770 2569 infinitum,
786 2520 1005 2571 corpora
1023 2514 1194 2559 autem
1216 2507 1384 2572 prima

320 2580 432 2631 sint
450 2580 635 2632 finita:
660 2586 676 2612 ⁸
695 2597 794 2633 nec
814 2598 977 2647 mare,
998 2583 1130 2646 nec‚'
1153 2587 1251 2635 etc.
1287 2583 1383 2635 At-

316 2674 427 2726 que
469 2660 603 2712 hanc
645 2661 794 2726 hujus
839 2662 1241 2728 implicatissimi
1284 2664 1384 2714 loci

320 2736 727 2801 explicationem
784 2739 1047 2803 probabat
1110 2740 1382 2794 Muretus:

319 2815 410 2865 cui
433 2815 532 2864 bac
557 2816 717 2866 tertia
736 2815 968 2867 editione
991 2831 1230 2869 assensus
1255 2835 1386 2874 snm.

318 2892 432 2943 Sed
474 2893 628 2942 velim
666 2894 1056 2958 copulationem
1087 2901 1136 2946 et
1175 2897 1297 2961 poni
1331 2897 1386 2949 ln

319 2968 430 3019 fine
475 2984 654 3021 versus
695 2972 902 3035 prioris,
936 2973 1036 3022 boc
1077 2974 1251 3035 modo,
1283 2976 1387 3027 Aut

317 3047 488 3104 etim.
516 3049 796 3098 alterutrim
825 3049 924 3099 nisi
943 3052 1167 3101 terminet
1185 3053 1389 3104 alterum

319 3138 507 3188 corun,
525 3130 575 3175 et
593 3124 820 3191 Simpliee
838 3132 1011 3177 natm
1020 3133 1187 3193 puteat
1200 3135 1390 3181 tontum

300 3204 999 3256 -tmdmtm.Proete1-ea
1015 3207 1269 3271 posterior
1281 3223 1389 3257 ver·

323 3296 416 3331 sus
435 3280 643 3331 videtur
657 3282 780 3332 mibi
798 3283 874 3332 sic
888 3296 999 3333 esse
1015 3283 1380 3347 explicandus:

319 3360 338 3388 ‘
355 3360 428 3409 Et
473 3359 868 3411 immoderatum
918 3360 1157 3424 simplice
1204 3368 1390 3413 natura

326 3444 533 3487 tantum
572 3444 748 3502 pateat
768 3437 800 3488 τ’
837 3437 871 3486 i.
889 3451 938 3487 e.
962 3438 1007 3488 si
1032 3439 1112 3488 vel
1132 3438 1389 3490 infinitum

322 3515 481 3564 inune
504 3514 575 3565 sit
597 3520 797 3565 tantum
819 3514 931 3565 sine
952 3515 1256 3581 corporibus
1279 3517 1391 3568 infi-

326 3595 488 3644 nitis:
524 3594 608 3643 vel
648 3592 848 3643 infinito
881 3608 1103 3659 corpora
1134 3597 1242 3648 slnt
1279 3603 1393 3647 tan·

326 3677 447 3721 tum
466 3670 577 3720 sine
598 3669 738 3719 inani
751 3668 988 3721 infinito:
1014 3673 1058 3722 si
1076 3672 1173 3723 hoc
1190 3674 1268 3724 ita
1287 3675 1386 3726 sit:

330 3748 441 3798 Nec
471 3762 620 3809 nors,
648 3762 734 3798 suc
762 3748 922 3809 tellus,
948 3750 1033 3811 &c-
1100 3749 1232 3800 Haec
1265 3750 1390 3800 milii

326 3838 469 3874 nunc
499 3823 712 3875 tandem
742 3825 893 3890 hujus
914 3825 1265 3877 obscurissimi
1288 3828 1393 3878 loci

327 3899 561 3950 videtur.
581 3913 697 3952 esse
742 3900 1022 3953 sententia.
1082 3903 1172 3954 Sic
1215 3915 1392 3955 autem

326 3975 603 4040 usurpavit
625 3990 802 4026 vocem
836 3979 853 4007 ‘
871 3977 1287 4030 immoderatum’
1314 3981 1390 4031 Μ.

327 4052 468 4102 Tull.
491 4052 579 4102 lib.
599 4056 651 4102 2.
673 4052 741 4101 de
766 4054 834 4103 N.
854 4055 1020 4107 Deor.
1053 4057 1069 4086 ⁴
1090 4057 1251 4108 Vides
1273 4058 1393 4108 sub-

326 4129 454 4179 lime
497 4126 673 4177 fusum
723 4128 1120 4182 immoderatum
1177 4134 1392 4199 aethcra,

329 4207 440 4259 Qui
499 4213 733 4255 teneram
793 4211 988 4256 terram
1042 4210 1394 4261 circumvecta

330 4282 702 4347 amplectitur!
735 4282 907 4335 [aab.
971 4286 1228 4338 Auectius
1247 4291 1395 4339 elter-

328 4368 514 4422 urum,
546 4358 655 4425 ζα]
703 4358 790 4410 Ita
820 4369 880 4413 ut
906 4363 1063 4428 vulgo
1098 4362 1309 4430 legitur,
1341 4372 1396 4420 et

331 4454 398 4491 ve
422 4452 542 4491 eres
565 4436 780 4505 quidam
808 4440 1172 4507 comprobant,
1194 4444 1396 4509 scripsi.

1455 566 1731 618 Sententia
1783 573 1900 619 est:
1942 569 2147 635 Corpus
2201 571 2516 624 terminatur

1456 642 1617 706 inani,
1636 652 1694 695 et
1715 646 1867 695 inane
1889 661 2129 710 corpore.
2194 647 2330 698 Nam
2351 648 2396 698 si
2418 649 2514 700 boc

1457 735 1560 772 non
1579 719 1744 784 fieret,
1760 729 1818 772 et
1840 722 2233 775 immoderatum
2248 739 2340 774 seu
2361 724 2516 775 inane

1458 798 1690 863 simplice
1735 807 1917 850 natura
1969 809 2026 851 et
2060 800 2391 865 impermixta
2422 816 2516 852 seu

1455 889 1677 940 corpore
1699 884 1878 927 mutuo
1906 879 2183 929 terminata
2205 886 2515 931 tantummo-

1457 957 1524 1006 do
1566 963 1805 1022 pateret3
1860 960 1978 1009 hinc
2022 957 2335 1022 efficeretur,
2376 959 2514 1025 qnod

1455 1050 1555 1085 nec
1578 1050 1737 1099 mure,
1758 1040 1856 1088 &c.
1926 1038 2043 1089 Qua
2082 1037 2149 1088 de
2181 1051 2237 1086 re
2272 1035 2413 1087 infra
2443 1038 2517 1087 la-

1456 1112 1577 1164 tius.
1614 1113 1722 1174 Gif.
1788 1114 1922 1165 Hoec
1945 1115 2068 1177 ille;
2101 1115 2197 1164 sed
2219 1113 2345 1164 nihil
2366 1113 2520 1177 dicit,

1456 1188 1593 1254 quod
1627 1204 1728 1239 non
1751 1189 1942 1241 viderit
1971 1191 2269 1251 Lambinus,
2302 1197 2360 1241 et
2392 1205 2514 1242 acu-

1458 1268 1563 1317 tius
1617 1269 1780 1318 multo
1823 1276 1879 1318 et
1924 1268 2182 1320 solertius.
2247 1269 2383 1318 Sunt
2425 1267 2516 1333 qui

1455 1344 1755 1394 existiment
1788 1358 1989 1394 versum
2029 1345 2191 1408 illum,
2230 1346 2246 1372 ‘
2269 1345 2518 1409 simplice

1456 1421 1676 1485 natura,’
1695 1425 1794 1473 διο.
1833 1436 2042 1486 prorsus
2064 1437 2179 1472 esse
2201 1421 2478 1472 delendum
2500 1437 2516 1471 τ

1456 1499 1534 1549 sic
1557 1498 1715 1560 enim,
1750 1504 1808 1548 ut
1849 1499 2014 1556 aiunt,
2049 1497 2177 1547 nihil
2209 1498 2264 1547 in
2304 1498 2402 1549 hac
2433 1507 2519 1547 ra-

1457 1576 1792 1627 tiocinatione
1828 1574 2150 1625 difficultatis
2186 1579 2516 1639 superesset:

1457 1652 1612 1705 Quod
1632 1651 1754 1702 mibi
1771 1652 1929 1702 aliter
1946 1652 2098 1716 longe
2118 1651 2342 1701 videtur.
2410 1651 2514 1700 Ex-

1454 1729 1628 1780 istimo
1650 1729 1785 1779 enim
1809 1743 1986 1778 versus
2010 1729 2213 1794 aliquot
2233 1728 2353 1778 hinc
2374 1721 2518 1777 ex'ci-

1456 1806 1627 1856 disse:
1660 1807 1736 1856 ita
1773 1814 1831 1856 ut
1850 1820 1968 1856 cnm
1999 1806 2066 1857 de
2087 1804 2425 1857 incommodis
2446 1803 2515 1855 ab

1457 1883 1596 1934 inani
1656 1884 2012 1950 immoderato,
2053 1884 2164 1936 sinc
2207 1881 2520 1934 admistione

1456 1960 1693 2025 corporis
1716 1960 1921 2025 infiniti,
1936 1969 1993 2011 et
2010 1960 2225 2011 alternis
2239 1959 2379 2010 misti
2397 1973 2517 2024 pro-

1455 2035 1810 2087 ficiscentibus
1828 2037 2039 2101 dixerit,
2050 2039 2213 2088 altera
2230 2051 2350 2102 pars
2366 2038 2520 2088 omis·

1455 2128 1514 2164 sa
1537 2114 1623 2178 sit,
1643 2122 1734 2176 ant
1767 2130 1869 2165 non
1904 2115 2032 2165 satis
2068 2114 2344 2181 perspicue
2367 2129 2399 2163 a
2420 2115 2519 2166 Lu-

1456 2191 1620 2242 cretio
1655 2193 1952 2257 explicata:
1988 2193 2172 2242 eadem
2194 2193 2331 2242 enim
2345 2191 2516 2258 ἀπορία

1455 2279 1724 2322 rcmaneat
1755 2285 1970 2322 necesse
2003 2278 2102 2321 est.
2166 2269 2372 2321 Deinde
2400 2270 2518 2322 due

1455 2351 1558 2400 inae
1586 2363 1737 2399 voces
1763 2350 1780 2378 ‘
1800 2348 2038 2399 alterum'
2059 2356 2114 2398 et
2137 2347 2154 2376 ‘
2173 2347 2521 2412 alterutrum‚’

1457 2428 1587 2480 satis
1611 2426 1664 2478 id
1689 2427 1912 2493 probent
1933 2427 2069 2494 quod
2094 2427 2230 2478 dico.
2267 2427 2385 2478 Fab-
2429 2428 2518 2479 De

1456 2508 1536 2557 bis
1557 2505 1761 2556 duobus
1780 2505 2016 2556 versibus
2041 2504 2185 2554 varia
2209 2503 2430 2555 Critici:
2464 2504 2519 2554 in

1460 2583 1621 2649 priori
1642 2583 1686 2631 si
1708 2594 1802 2647 pro
1817 2581 1913 2631 uisi
1937 2581 2063 2646 legit
2085 2582 2149 2631 P.
2166 2595 2266 2631 nec
2283 2580 2522 2642 agnoseit

1459 2660 1701 2725 copulam
1744 2665 1792 2711 et
1825 2660 1878 2710 in
1909 2658 2181 2724 posteriori
2217 2671 2390 2709 versu.
2453 2658 2520 2708 In

1461 2737 1739 2803 posteriori
1790 2752 1884 2802 pro
1925 2741 2131 2796 tuntum,
2157 2732 2326 2786 'men
2363 2735 2428 2785 Β.
2450 2735 2518 2785 Ρ.

1461 2814 1573 2866 Gir.
1599 2817 1723 2868 Par.
1745 2814 2046 2880 Omnesque
2068 2815 2201 2864 Msa.
2238 2821 2299 2864 ut
2321 2811 2522 2863 fatetur

1463 2891 1759 2956 Lambinus,
1775 2906 1874 2942 nec
1893 2897 2182 2957 agnoscunt
2196 2891 2444 2955 Copulam
2455 2894 2522 2939 st.

1462 2970 1819 3021 Posteriorem
1832 2984 2032 3019 versum
2051 2969 2397 3019 adulterinum
2406 2981 2523 3017 esse

1461 3048 1764 3098 existimant
1783 3046 2026 3099 Gifanius
2049 3055 2104 3097 et
2135 3046 2359 3108 Parcus,
2381 3044 2524 3095 ideo·

1464 3140 1567 3191 qne
1581 3127 1819 3192 rejiciunt
1835 3144 1848 3177 ε
1873 3125 2103 3175 Auratus
2124 3124 2251 3188 legit
2264 3125 2366 3173 Aut
2377 3122 2525 3173 etium

1462 3206 1767 3263 alterutram,
1782 3203 1878 3253 nisi
1892 3203 2114 3253 terminet
2132 3202 2333 3251 numm
2342 3213 2527 3250 eorm,-

1463 3281 1689 3347 Simplice
1730 3285 1905 3330 nutum
1936 3284 2099 3343 puteat
2131 3283 2281 3328 totum
2302 3277 2523 3327 &amode-

1465 3366 1643 3411 ratum.
1710 3358 1816 3408 Per
1837 3359 1853 3386 ‘
1869 3354 2054 3409 totum'
2072 3352 2317 3416 intelligit
2332 3350 2391 3401 τὸ
2401 3352 2521 3402 πῶς

1465 3437 1602 3503 quod
1635 3435 1762 3484 alias
1805 3433 2101 3498 appellatur
2143 3427 2361 3480 ‘omne.'
2427 3428 2526 3478 Ins-

1463 3517 1754 3565 moderatum
1783 3516 1941 3562 Mens
1973 3507 2185 3573 simplice
2214 3511 2409 3568 nutura,
2442 3511 2528 3555 est

1461 3592 1720 3643 infinitum
1754 3603 1857 3640 nna
1882 3594 2073 3637 natura
2109 3584 2203 3633 viz.
2233 3582 2388 3632 inani.
2455 3582 2527 3631 Et

1463 3671 1595 3720 hanc
1624 3668 1904 3719 lectionem
1938 3662 2272 3727 amplectitur
2302 3659 2529 3712 Gessen·

1464 3747 1580 3799 dus.
1647 3743 1925 3796 Lambinus
1941 3741 2126 3802 haeret,
2143 3736 2416 3803 aliquando
2438 3751 2527 3786 au-

1465 3833 1574 3876 tem
1617 3821 1749 3886 legit
1785 3820 1890 3870 Aut
1920 3816 1984 3881 si,
2015 3818 2160 3868 etium
2179 3814 2529 3864 elimet-und

1466 3903 1690 3953 terminet
1712 3900 1913 3950 alterum
1934 3910 2092 3946 eoram
2108 3893 2334 3958 Simplice
2355 3898 2528 3943 noem

1463 3985 1628 4045 puteat
1646 3984 1805 4029 temen
1824 3976 2197 4026 eumden-amn.
2262 3971 2382 4021 Hac
2415 3984 2531 4020 sen-

1468 4060 1673 4110 tentia:
1725 4057 1834 4107 Aut
1877 4056 1941 4119 si,
1973 4052 2180 4104 etiamsi
2220 4051 2529 4102 alterutrum

1468 4137 1716 4186 terminet
1752 4135 1972 4184 alterum
2007 4144 2202 4193 eorum,
2238 4133 2420 4191 pateat
2451 4134 2529 4177 ta-

1467 4228 1587 4264 men
1629 4210 2042 4270 immoderatum‚
2076 4205 2312 4270 simplice
2344 4210 2532 4254 natura

1470 4292 1506 4342 i.
1526 4307 1575 4343 e.
1597 4291 1750 4340 inane
1775 4294 1975 4337 tantum
1999 4286 2067 4334 ait
2094 4281 2353 4333 infinitum
2375 4280 2533 4331 unica

1471 4375 1678 4428 natura,
1697 4366 1748 4416 b.
1770 4378 1818 4415 e.
1839 4352 2062 4426 corpora
2096 4358 2261 4424 prima
2293 4370 2394 4407 non
2426 4356 2533 4405 sint

1468 4445 1696 4509 infinita,
1716 4441 1811 4494 sed
1831 4441 1981 4491 inane
1997 4439 2253 4489 duntaxat
2271 4434 2348 4485 sit
2363 4431 2529 4483 infini-
