3009 4925
575 501 647 551 Τ.
694 498 1051 553 Lucltss'ru
1097 497 1275 549 cam
1323 494 1419 546 tm
1467 495 1739 547 RERUM
1789 494 1967 547 NAT.
2019 496 2166 545 Lm.
2216 496 2261 544 l.

324 647 832 713 ‘Tergeminamque
869 645 1132 706 Hecaten,
1163 643 1268 694 tria
1289 642 1390 692 vlr-

329 725 465 791 3inis
496 740 591 776 ora
631 723 849 775 Dianae.’
882 723 1099 788 τριοδῖτον
1121 720 1390 784 appellant

263 810 269 815 ·
325 801 528 866 Graeci,
583 802 767 852 eadem
824 800 1057 850 ratione:
1127 796 1386 861 iidemque

325 876 570 943 repebat,
584 885 641 928 ut
658 875 928 926 Lucretius
943 873 1208 939 virginem.
1219 872 1386 924 lamb.

325 954 562 1004 Martial.
597 955 776 1017 Spect.
806 956 855 1003 1.
900 954 950 1000 1.
1010 950 1028 979 ⁴
1051 950 1166 1001 Nec
1192 947 1385 999 Trivia!

325 1032 525 1097 templo
549 1032 728 1082 molles
753 1030 1035 1081 laudentur
1053 1028 1309 1079 bonores!
1330 1034 1386 1078 et

323 1109 424 1173 Ep.
447 1114 501 1159 6.
521 1113 608 1159 47.
674 1108 690 1136 ‘
716 1108 902 1159 Trivio
934 1114 990 1157 te
1024 1104 1167 1156 misit
1201 1103 1269 1154 ab
1297 1120 1385 1154 an·

320 1183 437 1235 tro?
471 1191 530 1235 et
568 1188 618 1235 9.
647 1189 731 1234 65.
789 1184 940 1237 ‘Qua
989 1183 1176 1234 Triviae
1214 1195 1385 1233 nemo·

322 1275 445 1311 rosa
468 1261 609 1326 petit
627 1260 750 1310 dnm
774 1275 933 1324 regua
955 1260 1155 1310 viator:
1186 1260 1317 1310 Ηου.

385 1341 453 1388 86
506 1336 833 1401 Iphianassai]
890 1335 975 1386 Ita
1003 1336 1172 1387 Ptisc.
1210 1336 1303 1386 lib.
1335 1340 1385 1387 ’1.

315 1428 412 1478 pro
445 1414 754 1477 Iphinoen.
818 1413 941 1463 Fuit
959 1426 1023 1462 ea
1044 1414 1385 1476 Agamemno·

316 1491 398 1541 nis
419 1489 551 1540 filia.
586 1490 802 1541 Homer.
829 1489 982 1540 Iliad.
1003 1492 1054 1541 8.
1120 1489 1226 1540 Alii
1248 1488 1383 1554 lphi—

310 1567 507 1628 gannim
529 1573 738 1618 vocant.
773 1565 881 1627 Gis.

380 1642 710 1707 Iphianassai]
779 1640 1119 1706 Iphianasaae,
1172 1640 1381 1705 Iphige-

315 1718 419 1768 nioe
439 1718 843 1783 Agamemnonis
858 1718 998 1768 filie.
1051 1718 1181 1767 Cum
1206 1717 1381 1768 Graeci

313 1801 476 1845 vento
511 1794 734 1845 adverso
769 1794 962 1844 Aulide
1001 1793 1376 1859 detinerentur,

203 1883 210 1892 ‘
312 1885 487 1936 neque
508 1871 587 1920 eis
602 1871 708 1921 ulla
724 1870 791 1921 ad
807 1871 935 1935 Troj
944 1885 1022 1920 am
1043 1870 1378 1935 perveniendi

310 1945 538 1997 facultas
579 1948 813 2011 daretur,
847 1947 1220 2010 Agamemnon,
1261 1947 1376 1997 Cal·

313 2023 509 2074 chante
564 2025 827 2088 consulto,
872 2023 1085 2088 ejusque
1129 2035 1377 2086 responso

316 2097 518 2165 audito,
561 2100 699 2166 qnod
739 2099 841 2150 fuit
880 2098 1152 2164 ejusmodi,
1190 2099 1375 2150 iratam

315 2176 541 2226 Dianam
553 2190 670 2226 esse
686 2176 1008 2241 placandam,
1030 2183 1308 2240 votumque
1324 2177 1375 2227 ol

309 2253 711 2318 persolvendum
722 2257 962 2319 (voverat
970 2259 1142 2304 autem
1160 2253 1347 2305 Diauoe
1356 2291 1372 2319 ,

308 2328 449 2393 quod
465 2330 520 2379 iu
538 2343 632 2378 sno
648 2343 804 2393 regno
821 2329 1221 2393 pulcherrimum
1236 2345 1371 2381 anno

306 2405 398 2455 illo
451 2404 783 2472 nasceretur)
836 2404 1161 2471 Iphigeniam
1211 2404 1370 2457 filiam

305 2496 472 2541 suam,
494 2497 603 2548 qua
624 2483 746 2532 nibil
767 2489 885 2533 erat
901 2498 965 2533 eo
986 2482 1194 2548 quidem
1233 2498 1369 2535 anuo

304 2566 484 2609 natum
518 2560 800 2625 pulchrius,
833 2560 1132 2610 immolavit.
1195 2562 1214 2589 ‘
1237 2561 1369 2611 Pro·

303 2635 514 2685 mianum
537 2635 710 2700 potius
737 2650 840 2686 non
874 2634 1192 2698 faciendum,
1213 2650 1366 2701 quam

302 2718 408 2760 tam
416 2717 631 2762 tetrum
640 2709 837 2763 facinus
850 2712 1225 2763 admittendum
1235 2710 1368 2776 fuit,'

298 2788 471 2854 inquit
506 2789 586 2839 M.
609 2789 744 2841 Tull.
788 2789 886 2840 lib.
912 2793 964 2840 ⁸.
1006 2790 1072 2840 de
1095 2787 1253 2840 Offic.
1286 2790 1364 2841 sic

296 2872 353 2915 et
379 2864 514 2916 Hor.
546 2867 656 2918 Sat.
675 2870 795 2918 2⁸.
822 2871 933 2919 199.
969 2869 988 2896 ‘
1012 2867 1096 2918 Tu
1129 2882 1245 2918 cnm
1268 2882 1363 2933 pro

297 2941 464 2993 vitula
499 2945 688 2994 statuis
726 2943 937 2994 dulcem
960 2943 1150 2994 Aulide
1184 2951 1361 2994 natam

295 3019 442 3071 Ante
461 3034 600 3083 aras,
617 3020 917 3085 spargisque
933 3020 1072 3070 mola
1090 3026 1252 3085 caput
1268 3019 1362 3070 im·

295 3097 465 3163 probe
503 3096 662 3159 salsa,
726 3096 980 3147 Incolumi
1025 3096 1205 3161 capite
1257 3097 1363 3148 es?

293 3176 418 3226 Hac
436 3175 504 3226 de
517 3188 574 3223 re
588 3181 764 3225 autem
788 3174 904 3238 lege
917 3173 1189 3239 Sophoclis
1211 3174 1362 3225 Elec·

293 3258 450 3316 mm,
467 3259 529 3302 et
552 3250 816 3316 Euripidis
837 3251 1159 3316 Iphigeniam
1185 3252 1234 3301 in
1255 3253 1361 3303 Au·

291 3328 418 3379 lide.
489 3328 613 3380 Huc
649 3329 880 3393 pertinet
914 3328 1042 3379 illud
1080 3329 1359 3392 Virg.AE'.n.

290 3409 342 3456 2.
365 3411 451 3457 7³2.
481 3406 499 3436 ⁴
519 3405 780 3468 Sanguine
805 3406 1049 3471 placastis
1087 3412 1286 3471 ventos,
1306 3416 1362 3458 et

298 3483 502 3547 virgine
536 3481 705 3533 caesass
770 3482 1068 3546 Iphianassai
1091 3488 1266 3532 autem
1287 3483 1361 3532 le·

290 3558 541 3620 gendum.
593 3557 732 3623 quod
781 3560 1016 3622 agnoscit
1056 3559 1223 3610 Prisc.
1255 3573 1359 3610 non

288 3634 633 3698 lphiunnuaeo,
654 3640 714 3685 ut
735 3641 820 3685 est
854 3634 908 3685 iu
931 3635 1076 3685 libris
1112 3637 1357 3701 vulgatis.

354 3781 660 3849 Tua-parnt]
700 3783 1061 3852 Inquinarnnt,
1104 3789 1353 3838 contami·

288 3867 500 3911 urunt.
541 3860 748 3924 sanguis
792 3861 929 3912 enim
974 3863 1236 3929 inquinat:
1295 3871 1353 3915 et

287 3936 427 4002 quod
455 3943 728 3988 cruentum
745 3946 850 4001 est,
872 3939 1127 4004 impurum
1147 3946 1257 3991 est:
1282 3955 1349 3990 ex

287 4030 392 4081 quo
409 4018 658 4064 meatum
680 4028 776 4078 pro
811 4015 1014 4080 impuro
1053 4024 1344 4082 usurpatur.

287 4098 348 4140 ut
375 4094 427 4142 6.
452 4092 597 4140 1183.
650 4089 770 4141 ‘Au
803 4093 984 4142 calum
1023 4094 1172 4145 nobis
1211 4096 1348 4145 ultro

287 4175 475 4218 natura
513 4172 788 4218 cruentum
824 4167 1085 4234 Deferat,’
1119 4174 1220 4222 dte.
1255 4170 1348 4222 ubi

284 4244 442 4307 vulgo
505 4242 777 4307 legebatur
827 4251 1005 4295 utura
1059 4254 1349 4314 comptum.

344 4397 414 4448 87
434 4393 642 4461 Dilecti]
675 4394 783 4447 Hic
805 4398 1117 4462 apponenda
1138 4404 1222 4451 est
1247 4399 1349 4452 dis-

2389 478 2522 545 901

1463 639 1730 691 tinctionis
1766 645 1907 692 nota.
1944 638 2169 690 Tbeocr.
2204 637 2300 689 218.
2332 655 2398 700 ιγ.
2432 642 2520 690 18.

1459 718 1630 767 Πασᾶν
1649 717 1703 766 ἐκ
1726 714 1901 766 πολίων
1919 714 2307 781 προλελεγμένοι,
2331 712 2395 764 ὃν
2411 712 2520 778 ὄφε-

1461 791 1549 843 λός
1580 811 1644 844 τι.
1682 793 1717 844 i.
1742 807 1789 844 e.
1809 792 1943 842 ‘viri
1966 806 2033 842 ex
2074 790 2310 841 omnibns
2338 790 2521 841 civita·

1461 870 1605 921 tibus
1646 869 1846 934 dilecti,
1899 882 2117 935 quorum
2163 867 2347 933 aliquis
2399 880 2522 917 usus

1459 946 1636 998 esset!
1701 945 2069 998 Admonendus
2107 950 2189 996 est
2223 946 2411 1009 lector,
2466 943 2521 994 ia

1460 1025 1623 1075 tribus
1640 1023 1784 1074 libris
1797 1022 2164 1086 manuscriptis
2179 1021 2339 1071 dilecti
2355 1021 2518 1084 scrip-

1459 1109 1569 1152 tum
1614 1114 1761 1151 esse:
1812 1099 1952 1165 quod
1987 1099 2173 1164 probo.
2239 1097 2377 1149 Nam
2397 1093 2519 1147 Fes'·

1460 1183 1543 1228 tus
1577 1192 1783 1244 quoque
1820 1183 2043 1227 testatur
2074 1175 2273 1226 dilectas
2311 1175 2516 1224 militam

1455 1253 1652 1305 dixisse
1669 1260 1896 1316 veteres,
1915 1266 2017 1302 non
2054 1252 2274 1302 ἀεὶιεὴω.
2341 1249 2515 1317 Atque

1456 1334 1589 1385 banc
1613 1348 1794 1385 vocem
1817 1346 2024 1396 semper
2044 1331 2116 1382 ita
2150 1330 2401 1395 scriptam
2433 1341 2515 1379 re·

1456 1410 1606 1476 perio
1650 1410 1703 1460 in
1755 1409 1901 1459 libris
1939 1422 2196 1458 manuscr.
2235 1415 2343 1457 tum
2374 1405 2514 1470 apud

1454 1489 1582 1540 alios
1596 1489 1897 1554 scriptores,
1910 1494 2021 1537 tum
2032 1486 2169 1551 apud
2182 1486 2260 1535 M.
2271 1485 2512 1535 Tullium.

1457 1566 1697 1631 Exempli
1741 1578 1920 1620 causa,
1960 1561 2194 1625 Philipp.
2227 1565 2275 1610 t.
2327 1560 2513 1611 ‘Bello

1454 1651 1630 1693 autem
1644 1641 1803 1692 dubio
1815 1639 1952 1706 quod
1967 1644 2143 1703 potest
2155 1650 2269 1686 esse
2284 1635 2514 1686 studium

1454 1717 1731 1770 dilectus?
1798 1717 1870 1767 Et
1924 1715 2102 1780 paucis
2142 1712 2315 1764 verbis
2358 1720 2509 1776 post:

1449 1799 1465 1825 ⁸
1485 1795 1780 1847 'l'nmultum
1812 1792 2044 1854 decerni,
2065 1789 2326 1855 justitium
2356 1786 2515 1852 edici,

1448 1886 1575 1937 saga
1595 1870 1726 1922 sumi
1746 1870 1868 1920 dico
1885 1875 2146 1933 oportere,
2160 1866 2405 1915 dilectum
2424 1865 2515 1914 ba·

1452 1949 1583 2012 beri,
1636 1946 1853 1999 sublatis
1900 1942 2294 1996 vacationibus?
2358 1942 2507 1992 Idem

1447 2042 1545 2092 pro
1578 2026 1800 2088 Milone,
1842 2024 1897 2073 in
1927 2021 2248 2082 narratione,
2267 2022 2285 2049 ‘
2304 2019 2509 2070 Convo-

1447 2103 1604 2155 cabat
1627 2102 1816 2164 tribus,
1849 2114 1907 2150 se
1944 2096 2332 2163 interponebat,
2353 2095 2510 2145 Colli·

1448 2195 1567 2231 nam
1589 2194 1775 2230 novam
1797 2192 1864 2228 ex
1902 2176 2099 2227 dilectu
2138 2172 2506 2240 perditissimo-

1447 2273 1560 2307 rum
1586 2256 1775 2306 civium
1793 2250 2193 2306 conscribebat.'
2246 2250 2415 2302 Quem
2433 2249 2508 2298 lo·

1446 2349 1564 2385 cum
1586 2347 1650 2383 eo
1666 2331 1909 2383 libentius
1927 2327 2137 2394 protuli,
2171 2325 2309 2392 quod
2331 2324 2382 2375 in
2396 2338 2504 2375 om-

1443 2412 1593 2463 nibus
1618 2410 1765 2462 libris
1786 2408 2007 2475 vulgatis
2028 2404 2273 2456 mendose
2295 2402 2507 2469 legitur,

1444 2503 1546 2538 non
1581 2503 1647 2538 eo
1688 2488 1853 2538 solum
1884 2484 2025 2551 quod
2060 2484 2291 2533 delectum
2310 2482 2504 2531 babent

1445 2578 1542 2628 pro
1562 2563 1757 2626 aflectu,
1779 2569 1837 2612 et
1856 2559 2109 2621 scribebat,
2129 2572 2226 2623 pro
2246 2556 2504 2607 manihe-

1442 2640 1543 2705 but,
1574 2639 1665 2690 sed
1706 2639 1861 2690 etiam
1894 2636 2031 2704 quod
2063 2635 2292 2686 coloniam
2314 2648 2503 2696 novun,

1442 2731 1541 2780 pro
1564 2717 1797 2767 Collinum
1818 2729 2002 2765 norm
2053 2710 2176 2763 Fuit
2191 2718 2364 2761 autem
2388 2710 2500 2760 Col-

1437 2792 1539 2843 lina
1572 2807 1673 2844 una
1691 2807 1758 2843 ex
1783 2797 2004 2858 quatuor
2020 2789 2255 2841 tribubus
2274 2788 2500 2839 urbanis.

1437 2869 1614 2920 Nolim
1639 2883 1762 2919 vero
1791 2868 1877 2918 Fr.
1901 2866 2194 2917 Fabricium
2219 2862 2500 2915 Marcodu-

1435 2961 1616 2997 ranum
1634 2961 1729 2997 sna
1744 2946 1895 2996 laude
1911 2941 2172 3005 fraudare,
2185 2941 2343 3007 quise
2359 2940 2496 2991 bunc

1435 3025 1514 3075 M.
1536 3023 1696 3074 Tullii
1717 3024 1887 3073 locum
1907 3020 1985 3071 ita
2005 3020 2255 3086 seriptum
2281 3019 2495 3071 inlibris

1432 3101 1660 3167 antiquis
1684 3099 1938 3164 reperisse
1960 3105 2205 3149 testatur.
2240 3096 2408 3148 Lamo.

1499 3177 1713 3242 Deuca]
1749 3178 1852 3228 Seu
1883 3175 2062 3240 dilecti,
2103 3180 2163 3223 ut
2197 3173 2492 3235 Lambinus,

1430 3255 1598 3320 legas,
1632 3269 1724 3304 seu
1768 3253 1954 3314 delecti,
1988 3265 2089 3301 non
2129 3256 2214 3301 est
2246 3263 2341 3300 cur
2361 3264 2494 3316 pug-

1431 3339 1603 3382 netur.
1638 3330 1758 3381 Feb.

1495 3406 1676 3455 Prima
1689 3400 1919 3466 οὖτοι-ιη]
1936 3403 2058 3453 Flos
2073 3401 2316 3453 virorum.
2338 3400 2489 3451 Idem

1429 3484 1647 3535 Theocr.
1683 3483 1802 3532 θεῖος
1839 3480 2018 3530 ἄση-σεε
2050 3479 2133 3528 vel
2159 3477 2324 3543 prima
2354 3477 2489 3527 viro·

1431 3574 1564 3624 rum,
1597 3559 1631 3609 i.
1667 3574 1717 3609 e.
1755 3560 1916 3622 πρῶτα
1955 3557 2051 3606 τῶν
2086 3554 2277 3618 ἆνδρόν,
2312 3561 2372 3605 nt
2413 3554 2487 3604 lo·

1429 3646 1660 3702 quuntnr
1707 3635 1901 3687 Graeci.
1942 3633 2199 3685 aniauus
2251 3632 2487 3695 Timone,

1425 3714 1587 3775 πρὸτο
1614 3714 1710 3761 τῶν
1739 3708 1989 3761 κολάσεως
2024 3717 2080 3761 et
2113 3709 2191 3760 ita
2230 3708 2490 3759 Adrianus

1425 3789 1718 3839 Turnebus.
1749 3789 1840 3838 sed
1864 3794 2083 3852 utraque
2102 3786 2386 3852 explicatio
2411 3785 2484 3835 vl-

1425 3865 1579 3917 detur
1596 3866 1719 3915 mihi
1740 3865 1920 3915 eodem
1945 3864 2197 3915 recidere.
2250 3862 2420 3915 Las-b.

1486 3943 1659 3993 Primo
1677 3941 1908 4006 οἰνοηηι]
1941 3940 2025 3991 Ita
2059 3941 2162 3994 Ov.
2188 3939 2365 3992 Amor.
2394 3939 2484 3992 lib.

1420 4024 1470 4070 1.
1517 4019 1664 4081 Eless.
1705 4022 1754 4068 9.
1801 4020 1819 4048 ⁴
1853 4032 2050 4068 summa
2099 4017 2288 4068 <lucum
2341 4016 2486 4067 Atri-

1420 4095 1515 4145 des
1531 4094 1568 4157 ;’
1601 4095 1753 4159 plane
1798 4107 1865 4144 ex
1898 4093 1996 4143 boc
2037 4094 2351 4145 Lucretiano
2392 4108 2482 4144 ex·

1421 4185 1676 4237 pressum.
1739 4170 1836 4220 Est
1858 4177 2030 4220 autem
2056 4170 2275 4222 imitatio
2304 4170 2480 4222 Greci

1420 4246 1687 4299 sermonis.
1745 4246 2042 4296 Herodotus
2057 4261 2213 4311 saepe.
2251 4247 2332 4297 Ex
2352 4246 2482 4297 mul·

1420 4325 1489 4376 tis
1508 4323 1636 4374 locis
1656 4337 1721 4373 en
1740 4323 1837 4373 tibi
1861 4336 2017 4372 unum
2044 4322 2137 4373 lib.
2150 4328 2204 4373 6.
2242 4323 2478 4374 sectione

1420 4405 1534 4454 100.
1564 4397 1792 4463 Αἰσχίνης
1810 4400 1838 4450 ὃ
1855 4396 2082 4464 Νόθωνος,
2112 4398 2199 4449 δὸν
2224 4400 2321 4450 τᾶν
2350 4397 2475 4464 Ἔρο-
