3009 4925
572 413 748 487 1036

578 583 671 646 as‚’
693 573 790 632 istc.
821 577 1090 630 Pbaedrus.
1133 577 1378 640 Propert.
1412 570 1631 623 Ausoni-

578 676 657 711 us.
714 657 1075 709 Nemesianus.
1139 653 1357 704 Plinius.
1424 650 1632 716 aliique.

582 738 773 851 mannia
810 799 1077 860 Pieriam,
1118 794 1226 859 mu]
1260 793 1398 843 Vide
1428 807 1544 857 quae
1569 790 1634 840 ad

582 896 716 931 vers.
749 883 865 930 419.
905 878 1066 938 Preig.
1135 873 1396 924 Pieridum.
1460 872 1638 921 Musa-

581 971 712 1005 rum.
783 955 947 1004 meria
983 950 1202 1003 Boeotiae
1240 963 1405 1011 mons,
1438 948 1490 997 in
1538 961 1641 1013 quo

584 1035 754 1084 Musoe
771 1031 962 1096 genite
985 1029 1246 1079 dicuutur.
1278 1026 1446 1077 lamb.

650 1114 747 1159 927
803 1107 939 1172 Solo]
970 1109 1161 1170 solea,
1212 1104 1366 1170 poue.
1458 1103 1646 1168 Itaque

587 1193 733 1238 recte
766 1186 905 1250 apud
932 1185 1085 1235 Varr.
1119 1188 1169 1234 4.
1209 1183 1277 1233 de
1315 1183 1375 1233 L.
1416 1183 1475 1232 Ι..
1519 1182 1650 1246 legit

588 1264 820 1328 Scaliger
859 1264 917 1313 p,
953 1278 1056 1326 «μισ
1086 1262 1181 1311 solo
1214 1261 1310 1312 tert
1340 1259 1650 1324 mateola

589 1347 749 1390 terroe.
785 1338 967 1389 Lamb.
1034 1337 1228 1386 Planta
1249 1334 1416 1400 pedis.
1495 1333 1648 1385 Varr.

593 1415 660 1466 de
685 1417 748 1466 R.
773 1417 836 1465 R.
862 1419 908 1465 1.
932 1419 1014 1465 47.
1044 1416 1060 1442 ⁸
1078 1413 1253 1463 Solum
1278 1413 1413 1462 enim
1432 1412 1651 1462 bominis

592 1493 807 1544 exitium
830 1493 1026 1553 herbar,
1052 1498 1109 1541 et
1130 1490 1327 1540 semitae
1349 1489 1652 1539 fundamen-

596 1569 743 1632 tnm‚’
765 1570 798 1620 i.
816 1583 863 1619 e.
889 1568 1162 1632 vestigium
1183 1567 1503 1631 impressum.
1532 1566 1652 1616 Feb.

596 1646 741 1696 Loca.
804 1645 1045 1709 Suspicio
1065 1644 1188 1693 olim
1212 1642 1362 1693 nobis
1387 1643 1659 1692 oriebatur

598 1723 871 1786 legendum
912 1724 1031 1783 solu,
1062 1729 1122 1771 ut
1164 1722 1240 1771 ita
1278 1720 1434 1784 po’e'ta
1476 1722 1659 1771 luserit

600 1800 656 1849 in
687 1801 703 1828 ‘
729 1799 864 1849 solo’
898 1807 954 1849 et
992 1800 1008 1827 ‘
1044 1797 1187 1849 sola!
1251 1799 1446 1849 Contra
1487 1805 1659 1848 tamen

600 1874 830 1925 faciebat
848 1875 1095 1938 repetitio
1113 1877 1293 1925 horum
1312 1889 1550 1923 versuum
1570 1875 1663 1923 ali-

603 1952 656 2002 bi
680 1952 818 2016 apud
844 1952 1051 2015 poetam
1075 1960 1325 2012 nostrum,
1357 1958 1415 2000 ut
1441 1959 1498 2000 et
1531 1950 1664 2000 infra

602 2032 654 2078 2.
683 2032 794 2077 144.
828 2029 844 2056 ‘
874 2028 943 2077 Et
980 2028 1131 2078 variae
1172 2030 1411 2078 volucres
1451 2043 1665 2079 nemora

604 2105 718 2154 avia
744 2104 1116 2168 pervolitantes
1151 2104 1290 2155 Aera
1318 2119 1410 2169 per
1434 2112 1664 2155 tenerum

606 2179 814 2246 liquidis
852 2181 964 2231 loca
997 2181 1203 2230 vocibus
1235 2180 1492 2246 opplent.'
1558 2181 1664 2231 Sed

608 2264 784 2306 tamen
806 2257 931 2306 nihil
970 2271 1071 2305 non
1108 2265 1206 2319 est,
1241 2256 1377 2322 quod
1400 2256 1667 2308 confirma·

611 2340 720 2383 tum
743 2333 1029 2383 invenimus
1052 2333 1190 2397 apud
1207 2333 1443 2383 vossium
1468 2341 1668 2396 patrem

612 2409 712 2467 lib.
731 2413 776 2460 1.
800 2409 864 2459 de
886 2409 1040 2460 Ausi.
1068 2410 1157 2476 qui
1198 2423 1243 2459 e.
1274 2413 1359 2459 41.
1399 2409 1670 2460 manifeste

612 2489 688 2537 ita
711 2489 863 2550 citat,
896 2494 954 2537 ut
988 2497 1243 2551 appareat
1273 2488 1349 2537 ita
1371 2502 1486 2537 eum
1513 2490 1594 2537 vel
1618 2489 1671 2537 in

616 2565 720 2615 Ma.
742 2563 964 2628 quodum
987 2563 1264 2625 invenisse,
1302 2563 1382 2613 vel
1419 2578 1535 2613 eam
1571 2563 1675 2614 lec·

616 2643 811 2692 tionem
836 2640 1072 2706 probare.
1120 2640 1313 2691 Noster
1331 2655 1537 2705 quoque
1553 2641 1675 2691 ‘So-

615 2721 669 2770 la
707 2718 891 2769 terroe’
924 2718 1016 2768 lib.
1048 2721 1097 2767 2.
1134 2717 1404 2781 usurpavit
1447 2732 1523 2766 vs.
1559 2721 1676 2768 692.

619 2796 860 2860 Denique
900 2810 996 2858 par
1033 2793 1144 2843 fere
1180 2794 1320 2844 lusus
1350 2794 1402 2843 in
1427 2794 1503 2844 bis
1529 2809 1678 2844 voea-

621 2871 759 2921 bnlis
805 2879 885 2921 est
929 2870 1065 2935 apud
1110 2871 1338 2920 Flavium
1377 2871 1680 2935 Vopiscum,

623 2948 712 3012 qui
757 2955 935 2997 narrat
971 2949 1021 2996 in
1059 2948 1167 2997 vita
1190 2947 1372 3010 Probi,
1402 2948 1678 3012 imperato·

624 3037 733 3073 rem
774 3022 994 3072 devictis
1036 3022 1223 3083 Gallis,
1273 3025 1439 3088 iisque
1484 3026 1682 3075 coactis

625 3101 868 3151 Romanis
913 3114 978 3150 ex
1021 3100 1159 3164 agris
1203 3102 1306 3150 suis
1346 3100 1682 3165 frumentum,

627 3177 1053 3242 equos,jumenta
1077 3178 1432 3242 suppeditare,
1453 3179 1529 3229 ita
1550 3179 1685 3230 inter

626 3255 731 3305 alia
768 3255 1031 3318 scripsisse
1067 3256 1134 3304 ad
1174 3256 1453 3307 Senatum:
1490 3256 1506 3284 ‘
1543 3257 1684 3309 Quid

628 3331 811 3395 plura?
844 3331 946 3380 illis
969 3333 1074 3382 sola
1100 3332 1432 3397 relinquimus
1453 3335 1686 3397 sola,nos

628 3423 805 3460 eorum
839 3408 1012 3459 omnia
1037 3409 1393 3474 possidemus!
1426 3412 1558 3461 Hau.

694 3485 939 3551 Integra]
968 3486 1207 3537 Nondum
1234 3502 1263 3536 ιι
1286 3503 1541 3553 quoquam
1565 3488 1691 3538 liba·

632 3570 733 3625 tos,
750 3577 842 3614 seu
861 3565 1190 3628 degustatos:
1215 3567 1300 3615 vel
1317 3567 1567 3630 sinceros,
1590 3567 1621 3615 i.
1642 3582 1691 3617 e.

632 3641 803 3702 limos,
826 3648 881 3690 et
904 3655 1077 3704 puros,
1101 3640 1368 3705 εἱλικρικῖς.
1392 3643 1557 3693 Ιιιιιιῠ.
1611 3643 1693 3693 In·

632 3720 808 3778 eegm.
876 3716 1016 3766 Hinc
1040 3717 1287 3767 Horatius
1310 3717 1376 3767 ud
1402 3719 1624 3783 Musam,
1648 3725 1694 3769 1.

635 3796 718 3842 26.
738 3797 789 3841 6.
824 3792 839 3819 ‘
862 3807 894 3841 o
916 3807 1031 3856 quae
1065 3792 1296 3844 fontibus
1331 3796 1548 3861 integris
1573 3813 1694 3862 gau-

635 3867 765 3931 des,'
785 3872 883 3919 &m
915 3868 1036 3918 fab.
1088 3869 1321 3931 Integra.
1376 3872 1463 3922 Sic
1486 3875 1695 3937 elegan-

640 3953 722 3993 ter
757 3943 882 3996 JCti
921 3953 1115 3995 terram
1150 3955 1335 3997 vocant
1354 3948 1612 4011 integrum,
1644 3952 1695 3998 in

639 4033 790 4085 quam
814 4021 1037 4071 nondum
1059 4034 1217 4085 pecus
1240 4024 1491 4089 injicitur,
1508 4035 1563 4074 et
1581 4042 1696 4091 quae

641 4096 865 4159 depasta
886 4111 986 4146 nou
1009 4106 1091 4147 est
1112 4112 1144 4148 a
1175 4112 1353 4164 grege,
1386 4101 1437 4149 in
1464 4101 1521 4151 L.
1541 4102 1700 4165 Sylva

643 4172 839 4223 Coedua
859 4172 927 4222 de
950 4174 1092 4224 verb.
1108 4176 1301 4239 appell.
1325 4183 1383 4226 nt
1403 4186 1553 4229 notat
1575 4180 1699 4230 Sea-

640 4247 730 4313 lig·
754 4248 808 4297 in
832 4250 999 4314 Epist.
1023 4265 1075 4315 p.
1095 4255 1210 4302 416.
1243 4252 1374 4304 Han.

1278 429 1322 479 N
1334 425 1493 477 01·AE
1543 420 1941 474 VARtORmt
1990 417 2071 468 m

1769 570 1870 617 9²8
1904 565 2060 629 Atque
2080 559 2295 624 ham-ue]
2327 559 2375 609 Ε
2395 554 2626 607 fontibus
2640 553 2768 603 inte·

1710 645 1829 710 gris.
1865 643 2096 706 intellige
2132 649 2327 702 antem,
2360 637 2454 688 hos
2495 649 2614 685 esse
2655 631 2767 681 Mu·

1710 736 1878 771 sarum
1922 719 2134 770 fonteis.
2215 716 2303 766 Sic
2357 712 2541 763 Lucili.
2587 711 2773 773 Satyra

1711 798 1975 847 tricesima
1996 809 2063 844 ex
2091 792 2291 852 Noni03
2324 790 2341 818 ‘
2359 789 2636 841 Quantum
2658 785 2773 833 han·

1714 876 1818 925 rire
1843 873 2039 923 animus
2061 872 2328 921 Musarum
2353 881 2385 915 e
2405 864 2645 915 fontibus
2671 874 2775 926 ges·

1716 951 1814 1002 tir?
1881 950 2104 1003 Quidam
2140 954 2312 997 tamen
2350 940 2678 1004 subintelligi
2697 951 2781 987 vo-

1716 1030 1828 1078 lunt
1855 1027 1948 1076 illa
1967 1025 2148 1077 eadem
2183 1023 2305 1085 dno,
2335 1021 2556 1082 integ-ros
2580 1014 2779 1077 sentds.

1720 1114 1780 1157 nt
1803 1104 1892 1170 sit,
1910 1116 2068 1170 atque
2085 1101 2292 1153 haurire
2310 1098 2545 1161 integros
2564 1093 2783 1143 fonteis:

1721 1184 1876 1248 idque
1896 1179 2262 1245 hyperbolich
2293 1174 2493 1223 dietum
2529 1168 2785 1232 intelligar

1726 1268 1828 1312 tur.
1912 1260 2145 1311 Quorum
2198 1251 2513 1304 sententiam
2575 1246 2790 1310 adjuvat

1726 1351 1905 1387 versus
1930 1336 2036 1398 ille,
2065 1331 2152 1398 qni
2186 1338 2268 1381 est
2286 1341 2462 1393 supra,
2496 1330 2556 1374 ut
2589 1324 2647 1373 in
2684 1322 2789 1387 qui-

1725 1416 1939 1467 busdam
1963 1413 2108 1462 libris
2131 1410 2349 1473 legitur:
2382 1407 2544 1469 Usque
2568 1405 2687 1452 adeo
2705 1401 2798 1449 le·

1724 1510 1812 1557 goe
1832 1492 2012 1542 hannis
2030 1486 2283 1550 esmibus
2299 1483 2502 1542 meis,
2517 1485 2605 1544 ξε.
2663 1478 2795 1529 Nun

1731 1573 1919 1621 hundos
1961 1568 2063 1630 legi
2105 1564 2271 1615 malo:
2329 1569 2389 1611 ut
2431 1559 2638 1607 habent
2677 1553 2792 1604 libri

1733 1645 2132 1698 emendatiores.
2171 1638 2338 1690 Las-b.

1795 1727 1893 1772 029
1929 1721 2258 1781 lasis-enque
2289 1727 2390 1764 :neo
2424 1710 2579 1775 capiri
2615 1708 2796 1776 petere]

1736 1799 1782 1850 1.
1800 1813 1848 1849 e.
1872 1807 1928 1848 et
1960 1812 2028 1847 ex
2053 1811 2117 1846 ea
2137 1809 2195 1845 re
2218 1807 2335 1843 meo
2370 1790 2537 1853 capiti
2557 1801 2800 1838 coronam

1737 1885 2005 1940 expetere,
2039 1888 2105 1924 ex
2129 1886 2229 1938 qua
2248 1884 2306 1919 re
2328 1869 2499 1919 Musae
2543 1865 2800 1916 neminen

1738 1967 1928 2002 corona
1953 1949 2217 1999 donarint.
2251 1943 2418 1996 lauh.

1807 2029 1945 2093 Inde]
1975 2028 2150 2092 Junge
2194 2040 2311 2076 cum
2348 2037 2503 2072 versu
2549 2017 2803 2085 sequenti,

1740 2108 1757 2136 ‘
1781 2106 1918 2156 unde
1949 2102 2127 2170 prins.'
2194 2104 2274 2152 Ex
2316 2114 2380 2149 eo
2425 2099 2546 2148 loco
2591 2097 2808 2154 scilieet,

1743 2184 1881 2233 unde
1926 2182 2196 2248 poetarum
2256 2175 2413 2228 flores
2455 2170 2805 2237 decerpserit.

1744 2261 1862 2312 Fub.

1807 2341 1905 2388 93⁰
1945 2333 2185 2397 Velm-int]
2218 2328 2557 2382 ornaverint.
2605 2325 2812 2386 Velare,

1746 2421 1957 2465 auctore
1979 2412 2186 2473 Servio,
2217 2416 2297 2459 est
2322 2406 2570 2456 redimire
2594 2412 2652 2453 et
2673 2416 2812 2451 exor-

1749 2507 1890 2541 nare.
1956 2490 2109 2540 Maro
2151 2487 2262 2538 AEn.
2293 2490 2371 2535 11.
2399 2488 2512 2535 1⁰⁰.
2545 2484 2564 2511 ‘
2589 2482 2809 2543 Jamque

1749 2574 1982 2618 oratores
2005 2565 2225 2615 aderant
2247 2578 2313 2613 ex
2336 2562 2468 2612 urbe
2502 2558 2698 2609 Latina
2716 2558 2810 2606 Ve-

1751 2646 1838 2696 lati
1862 2644 2014 2694 ramis
2036 2640 2203 2693 olea?
2241 2641 2374 2690 Pius.

1762 2772 1772 2782 ,
1813 2724 1909 2772 9⁸1
1948 2723 2101 2772 Doceo
2138 2720 2197 2770 de
2235 2714 2396 2778 rebus]
2433 2715 2628 2766 Cicero
2661 2711 2810 2763 Orat.

1750 2813 1847 2865 pro
1872 2800 2044 2859 domo,
2073 2797 2090 2825 ‘
2115 2796 2319 2845 Docere
2345 2790 2671 2843 Pontificum
2701 2789 2812 2840 Col-

1753 2876 1942 2939 legium
1966 2874 2032 2924 de
2058 2872 2238 2924 Rebus
2259 2869 2484 2921 divinis?
2525 2868 2723 2918 erma.

1816 2957 1916 3002 932
1964 2949 2305 3013 Reuigionnm]
2355 2945 2816 3010 Superstitionunr.

1754 3031 1771 3060 ‘
1798 3029 2037 3080 Diximus
2066 3041 2249 3076 nomen
2274 3023 2542 3089 religionis
2563 3036 2597 3071 a
2621 3020 2820 3070 vinculo

1758 3107 1970 3171 pietatis
1992 3120 2107 3155 esse
2128 3102 2444 3153 deductum:
2482 3096 2624 3164 quod
2665 3096 2821 3146 homi·

1758 3200 1874 3235 nem
1912 3184 2058 3232 Deus
2089 3180 2190 3231 sibi
2215 3175 2521 3243 religaverit
2539 3182 2598 3223 et
2629 3173 2820 3238 pietate

1759 3258 2166 3311 constrinxerit:
2206 3256 2327 3322 quia
2348 3268 2442 3304 nos
2463 3251 2665 3302 servire
2695 3250 2746 3299 ei
2765 3253 2823 3297 ιιι

1761 3341 1967 3391 domino
2004 3345 2061 3388 et
2090 3334 2304 3401 obsequi
2341 3340 2398 3381 ut
2430 3329 2572 3396 patri
2611 3339 2821 3378 neeesse

1762 3424 1862 3468 est.
1929 3417 2007 3465 Eo
2040 3413 2222 3463 melius
2254 3422 2381 3473 ergo
2418 3408 2472 3457 id
2509 3419 2704 3455 nomen
2726 3404 2823 3453 Lu-

1764 3493 1956 3543 cretius
1979 3492 2351 3552 interpretatus
2370 3492 2473 3545 est,
2499 3483 2592 3548 qni
2614 3482 2720 3531 ait:
2752 3491 2824 3528 re·

1764 3570 2007 3634 ligiounm
2054 3581 2111 3615 se
2152 3563 2313 3613 nodos
2370 3557 2617 3610 solvere!
2695 3555 2824 3606 nae

1766 3646 1886 3694 Div.
1923 3644 2053 3694 lust.
2100 3640 2191 3691 lib.
2225 3643 2275 3688 4.
2329 3635 2654 3688 Lactantius.
2689 3632 2824 3682 Pius.

1769 3723 1992 3773 Videtur
2012 3719 2307 3784 significare
2328 3718 2345 3746 ⁸
2365 3715 2676 3778 religionem
2691 3710 2707 3732 ⁸
2730 3710 2828 3760 dici

1768 3815 1798 3849 a
1821 3797 2117 3862 religando:
2140 3805 2450 3859 quamquam
2477 3788 2556 3838 M.
2572 3787 2717 3837 Tull.
2739 3786 2827 3836 dn-

1768 3878 1842 3927 cit
1863 3891 1895 3925 a
1918 3872 2233 3937 relegend03
2267 3886 2299 3919 a
2323 3883 2425 3932 quo
2442 3865 2689 3916 dissentit
2707 3865 2829 3914 Lao·

1770 3953 1965 4004 tantins
1986 3951 2117 4000 libro
2132 3953 2316 4013 quarto
2334 3945 2399 3994 de
2416 3958 2543 3993 vera
2560 3940 2829 4007 sapientis,

1770 4030 1942 4090 capite
1986 4025 2228 4090 vigesimo
2276 4028 2482 4082 octavo,
2537 4018 2758 4082 probans
2797 4029 2829 4064 a

1772 4102 2041 4169 religando
2061 4100 2181 4150 diei.
2247 4098 2393 4148 Idem
2421 4095 2726 4146 Lactantius
2746 4092 2829 4142 lib-

1773 4188 1818 4233 1.
1840 4182 1907 4232 ‹le
1932 4178 2062 4229 falsa
2084 4192 2196 4240 sap.
2229 4176 2245 4204 ⁸
2267 4175 2518 4235 Magnum
2552 4173 2654 4221 boc
2685 4184 2829 4235 opus,

1773 4268 1826 4308 et
1850 4256 2052 4307 homine
2075 4253 2318 4316 dignum:
2356 4249 2704 4313 Rolligionum
2727 4245 2823 4307 ani-
