3009 4925
566 473 743 539 1074

573 612 962 680 Apaturiorum,
984 623 1072 659 eos
1101 621 1168 658 ex
1210 602 1634 664 Atheniensibus,

573 691 661 759 qui
682 687 1037 756 pulcherrimis
1055 684 1289 734 vestibus
1308 680 1475 730 ornati
1495 687 1640 741 sunt,

573 768 755 819 sumtis
787 763 1114 830 lampadibus
1149 759 1381 810 accensis
1405 772 1470 807 ex
1496 755 1638 805 urbis

562 844 715 907 ¹foco,
738 842 1030 892 Vulcanum
1053 837 1292 898 laudare,
1310 835 1463 900 eique
1484 832 1641 884 sacri·

575 921 753 982 ficare,
773 919 838 968 ad
862 917 1157 983 memeriam
1188 913 1320 962 illins
1357 913 1410 961 in
1450 917 1641 960 morta-

574 990 672 1051 leis
712 995 951 1048 beneficii
985 991 1326 1058 prodendam,
1347 990 1481 1055 quod
1508 986 1643 1051 ignis

577 1092 727 1128 usum
744 1076 1064 1125 intellectum
1091 1072 1219 1120 alios
1241 1066 1456 1117 docuit!
1494 1068 1645 1116 Com·

580 1159 835 1204 memorat
871 1158 926 1201 et
965 1150 1127 1199 Isaeus
1149 1148 1284 1196 hunc
1305 1145 1480 1194 ludum
1505 1142 1648 1203 dra-c?

580 1231 687 1297 περὶ
717 1231 804 1280 τοῦ
830 1235 1021 1285 Qunam.
1054 1224 1247 1290 κλήρου,
1272 1222 1366 1272 sub
1392 1227 1528 1276 extr.
1551 1218 1647 1282 ibi,

584 1300 1024 1371 Γεγυμνασιόρχηκι
1065 1301 1115 1351 δὲ
1147 1296 1375 1361 λαμπάδι.
1446 1296 1646 1346 Eodem

584 1385 820 1449 pertinet
844 1380 970 1433 illud
1005 1380 1056 1428 ἐν
1084 1380 1152 1440 τῷ
1184 1372 1300 1439 ὑπὲρ
1328 1373 1413 1422 τοῦ
1443 1369 1648 1422 'Aram

582 1461 718 1527 κλήρ.
769 1455 1218 1523 Γεγυμνασιάρχηκα
1260 1451 1324 1504 εἰς
1368 1448 1647 1515 Προμήθεια.

584 1530 674 1590 nbi
721 1538 878 1603 vulgo
923 1536 1114 1601 legitur
1166 1529 1477 1596 προμήθειαμ,
1511 1542 1649 1576 men·

585 1616 729 1666 dose.
819 1614 954 1663 Nam
1012 1608 1287 1674 Προμήθεια,
1347 1602 1652 1656 Promethei

584 1692 700 1740 dies
723 1689 848 1739 festi
873 1696 1029 1738 sunt:
1064 1686 1249 1751 quibus
1286 1682 1443 1732 etiam
1472 1680 1524 1729 hi
1545 1678 1653 1728 ludi

586 1763 935 1830 Lampaduchi
958 1761 1171 1824 fiebant,
1193 1766 1250 1811 ut
1276 1758 1517 1807 diximus.
1548 1754 1654 1806 Ad·

589 1848 767 1893 mouet
804 1854 887 1889 me
930 1838 1086 1903 hujus
1128 1836 1232 1886 loci
1281 1833 1418 1899 apud
1467 1831 1655 1882 Isaeum

589 1917 905 1978 emendatio,
921 1923 980 1965 ut
997 1911 1283 1977 significem
1301 1909 1488 1960 lectori
1505 1907 1658 1958 Grae-

590 2008 771 2044 carum
795 1993 1086 2041 litterarum
1101 1988 1352 2049 studioso,
1373 2001 1455 2036 me
1477 1999 1658 2049 prope·

593 2071 731 2121 diem
755 2068 938 2119 decem
978 2068 1212 2117 rhetores
1245 2065 1507 2115 editurum
1544 2063 1659 2126 plus

596 2144 773 2198 decies
798 2146 936 2195 mille
957 2145 1080 2193 locis
1105 2142 1423 2204 emendatos,
1443 2147 1498 2191 et
1513 2141 1660 2189 scho-

596 2224 679 2273 liis
699 2221 983 2272 utilissimis
1003 2221 1305 2270 illustratos.
1330 2216 1497 2268 Lamb.
1553 2217 1661 2266 De-

595 2299 689 2349 bet
731 2299 813 2347 hic
853 2312 1029 2347 versus
1065 2296 1165 2345 alio
1199 2295 1458 2359 migrare;
1493 2306 1662 2359 neque

598 2375 735 2424 enim
759 2373 937 2424 sedem
962 2388 1105 2423 suam
1133 2378 1377 2436 occupat.
1442 2371 1529 2420 Sic
1570 2370 1664 2435 igi·

594 2459 685 2502 tur
707 2466 825 2501 eum
850 2466 964 2500 cum
990 2448 1344 2515 superioribus
1365 2456 1666 2509 connectes,

599 2530 643 2580 si
679 2544 760 2579 me
795 2529 1086 2579 audiveris:
1127 2528 1231 2576 Nec
1260 2531 1529 2576 remoratur
1567 2524 1664 2575 ibi.-

595 2607 871 2657 aieret-um
906 2619 1086 2655 summa
1123 2608 1327 2653 novatur
1365 2602 1580 2665 Semper,
1619 2605 1668 2650 et

600 2686 727 2734 inter
770 2700 821 2733 se
858 2685 1077 2733 mortales
1116 2687 1285 2730 mutua
1327 2681 1528 2730 eivunt:
1580 2680 1668 2743 Et,

599 2761 737 2824 quusi
773 2774 1002 2821 cursores,
1039 2758 1162 2808 vitai
1202 2759 1420 2823 lampada
1451 2759 1666 2807 tradunt.

603 2839 707 2891 Qui
747 2853 847 2888 non
889 2838 1227 2901 indiligenter
1268 2836 1476 2901 legerit,
1513 2837 1558 2886 is
1595 2836 1667 2885 ita

603 2915 715 2964 lieri
742 2916 933 2965 debere
956 2915 1082 2964 satis
1118 2915 1228 2978 ipse
1260 2928 1356 2978 per
1387 2928 1501 2963 sese
1526 2912 1669 2978 judi-

602 2992 818 3041 caverit.
855 2992 973 3041 Fab.
1014 2992 1214 3040 Emend.
1271 2991 1403 3040 vide
1427 2991 1671 3041 emenda·

606 3070 792 3119 tiones.
835 3068 901 3118 de
946 3069 1024 3118 his
1070 3068 1207 3118 ludis
1255 3068 1462 3118 abunde
1508 3070 1674 3120 multa

605 3145 866 3195 Meursius
912 3145 966 3195 in
990 3146 1078 3196 lib.
1110 3146 1173 3195 de
1203 3146 1411 3197 Graecia
1445 3144 1670 3198 feriata:

605 3221 769 3270 multa
792 3236 857 3271 ex
883 3221 1148 3286 Aristoph.
1187 3222 1527 3287 Philostrato,
1552 3238 1674 3273 auc·

606 3305 725 3349 tore
749 3298 814 3347 ad
840 3299 1181 3361 Herennium,
1202 3300 1457 3362 Varrone,
1486 3313 1675 3364 conge-

613 3377 654 3425 ri
684 3384 921 3440 possent:
954 3372 1045 3426 sed
1081 3377 1134 3427 id
1171 3376 1259 3427 alii
1298 3379 1676 3442 prazstiterunt.

614 3452 734 3502 fab.
799 3453 880 3502 Ex
920 3453 1199 3516 Pausania,
1233 3453 1676 3520 Harpocratione,

612 3530 980 3596 Aristophanis
1053 3532 1366 3595 Scholiaste,
1420 3532 1678 3596 Varrone,

608 3608 878 3671 Scriptore
902 3607 967 3656 ad
1003 3608 1347 3670 Herennium,
1387 3611 1486 3658 ὅτε.
1516 3609 1679 3657 multa

612 3685 893 3734 corradunt
916 3685 1261 3750 Interprctes.
1316 3687 1587 3737 Breviter:
1616 3684 1681 3736 A·

615 3761 782 3810 thenis
830 3760 883 3810 in
944 3760 1250 3826 quibusdam
1308 3759 1458 3813 festis
1505 3778 1680 3812 curre·

613 3835 739 3885 bant
763 3837 990 3886 homines
1027 3851 1297 3887 accensam
1340 3838 1580 3902 lampada
1607 3845 1680 3888 te·

614 3922 836 3975 nentes3
870 3914 956 3979 qul
982 3929 1184 3965 cursum
1209 3914 1508 3980 perfecerat
1527 3917 1680 3967 alteri

617 4005 831 4040 cursuro
854 3993 1095 4056 lampada
1119 3993 1395 4056 tradebat3
1418 3995 1542 4045 inde
1559 4005 1681 4057 λαμ-

615 4066 894 4118 «dedeceat
921 4072 936 4096 ‘
957 4069 1092 4118 tradi
1110 4070 1437 4133 successive,'
1469 4079 1530 4121 ut
1544 4072 1682 4136 apud

618 4141 915 4208 Philonem,
954 4142 1014 4193 τὸ
1044 4147 1133 4203 τῆς
1169 4146 1333 4210 ἀρετῆς
1367 4143 1551 4210 φέγγος
1568 4157 1685 4211 λαμ-

618 4219 928 4282 παδευόμενον
962 4222 1033 4270 ἐπ’
1069 4221 1300 4282 ἀλλήλοις
1322 4226 1567 4288 διαδοχαῖς
1587 4224 1684 4276 ἶσό-

619 4313 792 4362 χρονον
809 4297 1060 4359 ’γενήσεται
1095 4297 1275 4364 κόσμῳ.
1338 4302 1408 4352 Et
1444 4305 1685 4367 apposite

621 4377 777 4428 Plato
804 4378 839 4428 1.
862 4383 913 4429 6.
952 4377 1017 4429 de
1057 4379 1183 4443 Leg.
1214 4382 1466 4441 ’γεννῶντες
1496 4379 1580 4431 καὶ
1611 4381 1686 4430 ἐκ·

1276 476 1492 527 No'l'AE
1543 471 1943 522 VARIORUH
1994 470 2071 519 IN

1705 597 1951 665 τρέφοντες
1978 599 2164 658 παῖδας,
2211 594 2420 661 καθᾶῐερ
2450 593 2768 658 mr&

1710 677 1815 735 βίον
1827 673 2164 741 παραδιδόντες
2178 675 2344 726 ἄλλοις
2360 675 2410 737 ἐξ
2420 672 2599 724 ἄλλον.
2623 673 2774 723 Hunc

1714 770 1920 805 versum
1943 755 2059 804 loco
2085 768 2178 803 sno
2210 761 2389 802 movet
2417 752 2610 815 Faber,
2631 757 2688 801 et
2706 765 2780 801 vs.

1713 837 1798 882 75.
1823 831 2104 896 subjungit.
2153 830 2290 880 Inter
2307 845 2359 879 se
2378 830 2604 881 num-(des
2625 832 2783 877 muna

1715 910 1900 972 vivunt,
1922 909 1990 958 Et
2017 907 2152 972 quasi
2169 920 2406 968 cursores,
2427 908 2512 969 &e-
2565 904 2784 957 Creech.

1720 986 1873 1037 Adde
1904 985 2251 1046 Herodotum,
2288 984 2376 1048 qui
2400 983 2494 1033 lib.
2532 986 2583 1032 8.
2611 982 2788 1032 Histo-

1718 1065 1927 1122 riarum,
1986 1060 2150 1112 refert
2212 1074 2454 1110 cursores
2507 1059 2787 1108 Persarum

1721 1141 2103 1206 pernicissimos
2138 1137 2362 1203 primum
2413 1134 2674 1198 secundo,
2716 1147 2791 1183 se·

1722 1219 1944 1269 cundum
1985 1217 2164 1277 tertio,
2195 1222 2251 1266 et
2291 1214 2367 1264 ita
2401 1212 2662 1276 deinceps
2704 1211 2790 1261 ali-

1722 1310 1806 1345 um
1863 1295 1951 1345 alii
2003 1293 2248 1344 mandata
2307 1289 2522 1342 tradere
2580 1291 2788 1351 solium

1720 1372 1736 1400 ⁸
1754 1369 2221 1438 quemadmounm,’
2235 1370 2360 1435 inqu
2368 1369 2430 1431 it,
2447 1369 2466 1397 ‘
2485 1367 2630 1433 apud
2647 1366 2790 1418 Gre-

1724 1463 1812 1498 cos
1846 1447 1935 1497 fax
1971 1447 2213 1509 traditur,
2246 1461 2400 1512 quam
2429 1446 2677 1495 Vulcano
2702 1457 2792 1507 per

1725 1526 1865 1576 vices
1888 1525 2026 1576 ferre
2054 1540 2289 1575 cursores
2313 1522 2700 1589 perseverant?
2722 1522 2792 1570 ci-

1726 1610 1807 1654 tat
1843 1604 1982 1653 inter
2020 1604 2123 1653 alia
2157 1601 2468 1664 Beroaldus,
2515 1600 2575 1649 in
2605 1598 2790 1649 Annor-

1731 1678 1868 1746 App.
1916 1695 2035 1745 cap.
2079 1683 2163 1730 18.
2225 1680 2379 1729 Tom.
2418 1683 2470 1727 1.
2509 1677 2632 1727 Fac.
2665 1675 2792 1726 Crit.

1731 1774 1852 1824 pag.
1875 1762 1990 1809 3⁰8.
2046 1756 2261 1807 Planius
2284 1756 2416 1805 ritus
2450 1754 2538 1804 hic
2571 1767 2640 1804 ex
2663 1752 2792 1802 Pau·

1731 1835 1878 1886 sania
1919 1834 2153 1897 discitur,
2191 1833 2278 1898 qui
2317 1830 2627 1881 Promethei
2659 1843 2794 1878 aram

1731 1913 1785 1963 in
1807 1911 2094 1963 Academia
2114 1914 2511 1971 commemorat,
2542 1922 2577 1956 a
2610 1921 2710 1971 qua
2732 1904 2794 1955 ad

1734 1989 1913 2039 urbem
1957 2002 2078 2038 cum
2119 1986 2356 2036 accensis
2389 1982 2600 2034 facibus
2627 1996 2797 2035 curre·

1735 2072 1869 2116 rent.
1935 2065 2214 2115 Certamen
2230 2068 2403 2113 antem
2419 2061 2476 2110 in
2499 2076 2564 2110 eo
2581 2061 2796 2126 positam

1733 2141 1915 2206 fuisse,
1951 2142 2007 2192 in
2042 2156 2196 2192 cursu
2240 2139 2435 2191 tardam
2476 2153 2695 2190 servare
2723 2153 2798 2188 ac·

1737 2234 1966 2283 censam,
1981 2222 2080 2270 &c.
2147 2217 2298 2269 Idem
2315 2218 2368 2267 in
2387 2217 2701 2268 Cerealibus
2719 2216 2802 2265 fle·

1738 2301 1781 2350 ri
1806 2301 2024 2362 solebat,
2045 2300 2121 2350 uti
2146 2304 2327 2349 auctor
2349 2302 2434 2348 est
2453 2296 2770 2347 Themistius
2791 2311 2803 2343 z

1740 2376 1879 2427 unde
1901 2376 2087 2426 Cereri
2110 2373 2250 2425 forte
2273 2391 2305 2425 a
2327 2374 2654 2425 Prometheo
2671 2388 2800 2425 aram

1740 2454 1880 2504 illam
1903 2453 2130 2504 dicatam
2155 2452 2480 2504 intellexerit
2503 2452 2805 2503 Pausanias.

1742 2531 1878 2581 Vide
1917 2530 2161 2581 Beroald.
2204 2528 2338 2581 Anu.
2380 2528 2526 2596 App.
2564 2544 2615 2580 c.
2644 2533 2720 2580 18.
2755 2536 2808 2578 et

1744 2607 1828 2658 Pii
1869 2607 2068 2658 Annot.
2111 2614 2245 2672 post.
2282 2621 2401 2671 cap.
2434 2611 2556 2657 114.
2588 2607 2741 2658 Tem.
2765 2610 2808 2654 1.

1743 2686 1867 2735 Fac.
1890 2685 2020 2735 Crit.
2041 2698 2160 2750 pag.
2182 2688 2298 2734 519.
2334 2683 2512 2746 Preig.

1808 2764 1875 2812 79
1909 2761 1966 2811 Si
1987 2775 2169 2811 cessare
2182 2760 2345 2824 putas]
2370 2759 2811 2822 Subaudieudam,

1745 2837 1899 2889 enim.
1933 2838 2056 2889 Fato.
2138 2837 2452 2901 Quicunque
2475 2836 2706 2886 credunt
2726 2849 2807 2885 no-

1747 2931 1840 2967 vos
1872 2930 2044 2967 rernm
2079 2921 2266 2974 motus,
2299 2914 2689 2964 incrementum
2719 2914 2811 2960 viz.

1748 3004 1804 3048 et
1826 2997 2219 3046 decrementum
2241 3009 2272 3044 a
2294 2993 2692 3059 quiescentibus
2708 3001 2812 3041 ato·

1749 3076 1846 3124 mis
1870 3072 2089 3139 produci
2129 3086 2303 3137 posse,
2336 3085 2429 3120 eos
2463 3071 2702 3130 insanos,
2722 3081 2813 3118 nec

1751 3151 2070 3202 refutatione
2108 3150 2290 3215 dignos
2328 3147 2632 3199 existimat:
2683 3148 2814 3196 insu·

1749 3244 1849 3294 per
1893 3244 1993 3279 vss.
2032 3233 2082 3279 ⁰.
2123 3227 2281 3277 docet
2314 3225 2540 3286 semina,
2573 3239 2692 3290 qua!
2728 3235 2816 3286 per

1750 3307 1904 3356 inane
1927 3305 2106 3370 vagari
2144 3303 2482 3368 probaverat,
2515 3309 2716 3352 motum
2737 3298 2817 3348 vel

1752 3398 1848 3433 suo
1869 3381 2086 3447 ponderi
2107 3381 2322 3444 debere,
2340 3380 2425 3429 vel
2439 3379 2658 3429 aliorum
2676 3375 2816 3426 ictui.

1753 3459 2117 3525 Quodcunque
2162 3458 2300 3508 enim
2336 3453 2562 3506 solidum
2596 3453 2682 3520 (et
2704 3452 2819 3501 soli·

1752 3536 1891 3587 ditas
1914 3543 1994 3586 est
2032 3532 2342 3601 principalis
2376 3531 2635 3582 seminum
2669 3526 2819 3579 aste·

1756 3612 1857 3677 tio)
1881 3612 1932 3661 id
1959 3626 2119 3678 grave
2142 3617 2259 3662 est:
2296 3609 2479 3674 gravia
2517 3615 2694 3658 autem
2733 3604 2818 3656 deo

1754 3705 1926 3740 orsum
1974 3689 2213 3751 tendunt,
2250 3687 2324 3737 ita
2359 3685 2618 3736 seminum
2655 3691 2820 3733 motus

1756 3767 1997 3817 deorsum
2017 3764 2302 3816 stabilitur.
2369 3763 2503 3813 Cum
2519 3774 2646 3811 vero
2663 3759 2821 3810 solida

1755 3844 1869 3893 haec
1890 3843 2085 3894 semina
2101 3842 2340 3891 deorsum
2357 3836 2636 3890 tendentia
2654 3838 2706 3887 in
2718 3849 2825 3887 eor·

1756 3933 1886 3984 pora
1914 3920 1993 3969 vel
2016 3917 2360 3984 quiescentia,
2377 3915 2462 3966 vel
2486 3914 2690 3965 tardius
2711 3927 2823 3978 pro-

1756 3997 2002 4048 cedentia
2019 3996 2335 4060 impingunt,
2356 3992 2598 4043 resiliant
2615 4003 2824 4042 neeesse

1758 4082 1873 4124 est:
1911 4087 2102 4137 corpus
2124 4073 2259 4122 euim
2284 4070 2508 4122 solidum
2529 4070 2583 4119 in
2607 4069 2823 4119 alterata

1760 4164 1947 4214 corpus
1990 4148 2212 4199 solidum
2254 4148 2543 4213 impactum
2580 4160 2688 4196 non
2723 4159 2827 4195 em·

1761 4241 1878 4277 uem
1925 4240 2072 4276 sunm
2117 4231 2310 4275 motum
2363 4223 2520 4274 alteri
2577 4222 2828 4289 impertit,

1760 4304 1981 4369 ideoque
2020 4302 2132 4352 istis
2178 4300 2424 4366 gradibus
2463 4308 2660 4363 motus,
2703 4313 2825 4365 ques

1762 4379 1976 4441 retinet,
2008 4377 2111 4429 allo
2147 4376 2383 4428 feretur:
2418 4376 2496 4426 sic
2527 4385 2703 4427 motus
2720 4387 2824 4426 aar·
