3009 4925
550 427 684 498 950

544 589 662 640 silio
701 589 1004 640 utebantur.
1091 584 1360 637 Lucretius
1402 598 1616 634 vescum

547 667 683 718 dixit
714 665 949 728 edacem,
978 679 1096 715 cum
1132 663 1229 726 ait,
1270 664 1287 692 4
1315 662 1433 713 Nec
1471 676 1616 711 mare

551 758 669 809 quae
708 742 1011 807 impendent
1034 755 1189 791 vesco
1223 741 1331 791 sale
1353 752 1477 789 saxa
1500 751 1615 802 per-

546 817 709 870 esa.”
796 817 1067 868 Hactenus
1110 818 1313 867 Festus.
1358 813 1618 880 significat

549 903 723 945 nutem
747 895 857 958 iiie,
890 909 1099 945 vescum
1121 894 1303 955 salem,
1334 907 1423 944 seu
1452 893 1551 954 sal,
1585 907 1618 940 a

553 970 800 1022 Lucretio
821 970 1038 1034 dictum,
1072 970 1193 1036 quia
1218 985 1345 1020 saxa
1379 969 1619 1035 peredat,

553 1057 611 1097 et
632 1048 850 1111 minuat,
869 1053 924 1097 et
943 1054 1232 1098 consumat.
1268 1047 1408 1098 Geli.
1424 1045 1515 1096 lib.
1539 1050 1619 1096 16.

552 1126 569 1154 4
600 1126 847 1186 Vcseum‚
875 1124 1014 1189 quod
1049 1139 1116 1174 ex
1156 1138 1219 1174 ve
1240 1125 1532 1189 particula,
1562 1130 1619 1173 et

552 1215 678 1251 esca
695 1200 995 1264 copulatum
1013 1200 1383 1265 est,ntriusque
1400 1200 1618 1248 diversas

556 1273 952 1342 significationis
970 1277 1072 1326 vim
1087 1277 1248 1340 capit.
1289 1276 1459 1327 Aliter
1481 1277 1618 1325 enim

552 1354 830 1404 Lucretius
873 1367 1083 1403 vescum
1140 1353 1301 1403 salem
1364 1352 1519 1416 dixit,
1553 1367 1619 1402 ex

554 1431 746 1481 edendi
802 1431 1109 1495 intentione,
1161 1430 1318 1480 aliter
1371 1429 1620 1480 Lucinius

556 1523 765 1559 vescum
786 1509 1021 1574 appellat
1036 1523 1151 1558 cum
1170 1507 1359 1557 edendi
1374 1505 1622 1558 fastidio-⁹

558 1585 723 1636 lamb.
795 1586 880 1646 Ve,
909 1584 1197 1647 Particuls‚
1227 1586 1364 1635 sicut
1384 1585 1621 1651 quaedam

556 1665 678 1727 aliu,
700 1671 810 1715 tum
838 1663 1179 1714 intentionem
1197 1662 1478 1727 significat,
1511 1670 1622 1714 tum

558 1741 918 1793 minutionem.
978 1741 1063 1792 Sic
1099 1741 1343 1802 Vescum‚
1375 1739 1515 1807 quod
1556 1756 1621 1790 ex

561 1832 624 1867 ve
649 1818 929 1883 particula,
960 1825 1018 1867 et
1052 1831 1174 1867 esca
1204 1817 1499 1883 copulatum
1524 1823 1623 1875 est,

558 1891 831 1957 utriusque
854 1893 1071 1942 diversae
1097 1891 1489 1957 significationis
1521 1893 1623 1942 vim

559 1971 737 2032 capit:
802 1970 958 2020 aliter
1000 1970 1137 2020 euim
1177 1969 1403 2019 Vescum
1464 1971 1625 2020 salem

560 2046 691 2096 dicit
711 2047 990 2097 Lucretius
1017 2062 1083 2098 ex
1106 2047 1294 2098 edendi
1317 2049 1627 2112 intentione,

562 2122 714 2172 aiiter
737 2122 972 2173 Lucilius
996 2124 1218 2174 vescum
1252 2126 1488 2189 appellat
1510 2140 1625 2176 cun

564 2198 756 2249 edendi
777 2197 1009 2250 fastidio.
1075 2199 1145 2250 A.
1162 2200 1302 2252 eeu.
1324 2206 1403 2252 16.
1428 2208 1476 2253 5.
1528 2204 1626 2253 Lu-

561 2277 669 2328 ciiii
703 2277 861 2328 verba
897 2278 1078 2329 laudat
1099 2279 1300 2329 Nonius
1322 2281 1630 2331 Marcellus.

571 2354 782 2417 Veneram,
798 2355 1068 2415 minutum,
1085 2355 1379 2405 obscurum.
1402 2357 1629 2407 Lucilius

560 2430 655 2481 lib.
669 2435 754 2483 26.
775 2431 792 2459 4
808 2432 978 2485 Quam
996 2430 1322 2484 fastidiosum
1339 2448 1402 2484 ac
1422 2447 1627 2486 vescum

563 2523 682 2559 cum
714 2507 932 2559 fastidio
969 2509 1182 2561 vivere?
1248 2510 1351 2560 Ubi
1383 2510 1533 2563 addit
1561 2526 1629 2561 ex

564 2585 748 2650 virgil.
787 2585 985 2651 Georg.
1018 2592 1071 2637 8.
1099 2585 1118 2616 4
1146 2589 1260 2639 Nec
1297 2603 1483 2639 vescas
1514 2590 1631 2640 sali·

563 2675 683 2713 cum
722 2661 965 2714 frondes.'
1033 2665 1171 2715 Item
1206 2680 1275 2715 ex
1316 2665 1538 2717 Afranio
1578 2668 1630 2717 iu

564 2739 851 2791 Sororibus.
896 2741 914 2770 4
938 2739 1014 2791 At
1048 2756 1182 2806 puer
1212 2747 1297 2792 est
1328 2743 1515 2793 Vescis
1538 2744 1633 2794 im-

563 2817 782 2868 becilius
804 2817 1036 2868 viribus?
1082 2821 1285 2870 Festus.
1333 2819 1507 2872 Veserm
1528 2820 1633 2872 fas-

568 2892 805 2955 tidiosus,
837 2894 918 2943 Vc
963 2894 1099 2945 euim
1146 2910 1243 2960 pro
1279 2898 1473 2961 pusillo
1522 2906 1635 2949 ute-

569 2967 780 3019 bantur.
833 2970 973 3020 Ptin.
994 2976 1046 3020 7.
1068 2975 1151 3022 2⁰.
1182 2972 1199 3000 4
1224 2973 1457 3037 Corpore
1479 2990 1634 3026 vesco

569 3044 662 3093 sed
685 3045 890 3095 eximiis
913 3047 1110 3097 viribus
1124 3047 1434 3102 Tritanum?
1475 3052 1636 3103 ovid.

568 3119 712 3173 Fast.
752 3126 802 3172 3.
836 3126 953 3174 445.
986 3124 1003 3152 4
1027 3124 1331 3190 Vegraudia
1366 3126 1512 3178 farra
1549 3145 1635 3180 co·

566 3199 692 3261 loni,
724 3201 858 3253 Quae
888 3202 1024 3253 maie
1045 3213 1347 3271 creverunt,
1375 3221 1636 3274 vescaque

568 3290 731 3340 parva
768 3285 973 3330 vocant.
1041 3281 1134 3330 Vis
1173 3296 1236 3332 ea
1270 3284 1314 3332 si
1351 3284 1498 3334 verbi
1536 3291 1639 3348 est,

567 3368 662 3403 cnr
701 3369 804 3405 nou
842 3369 943 3421 ego
982 3356 1194 3423 Vejovia
1231 3359 1419 3424 edem,
1456 3360 1636 3412 AEdem

568 3445 675 3481 nou
727 3433 910 3498 Magni
970 3436 1207 3499 suspicer
1263 3451 1378 3487 esse
1437 3437 1636 3489 Jovisi'

573 3509 767 3561 Creech.
837 3510 925 3561 Ad
955 3512 1273 3564 edacitatem
1297 3515 1534 3581 plerique
1557 3530 1636 3565 re-

570 3584 768 3650 ferunt,
815 3595 875 3636 ut
911 3595 965 3638 et
1012 3589 1221 3654 Virgilii
1257 3601 1637 3642 commentator

570 3661 757 3713 Junius
802 3664 1161 3729 Philargyrius
1217 3667 1284 3717 ad
1346 3669 1543 3729 cem-g.
1587 3674 1637 3721 8.

572 3741 684 3786 175.
730 3744 746 3768 4
781 3741 883 3789 Sed
924 3741 1065 3804 vide,
1098 3757 1163 3792 ue
1204 3759 1402 3809 vescas,
1433 3749 1638 3812 appeti-

569 3810 705 3863 biles
751 3814 962 3865 dixerit.
1033 3819 1305 3869 Lucretius
1346 3830 1495 3872 certe
1542 3838 1637 3887 pro

571 3888 735 3938 edace
751 3890 944 3952 posuit,
965 3897 1042 3952 ut,
1054 3894 1070 3920 ‘
1086 3905 1239 3943 vesco
1253 3896 1364 3946 sale
1381 3912 1506 3947 saxa
1520 3913 1636 3962 per-

572 3963 729 4014 esa-'³
796 3965 903 4016 Sed
939 3968 1135 4018 rectius
1159 3969 1456 4023 Gronovius
1472 3974 1638 4026 Pater

573 4054 781 4091 vescum
804 4043 1021 4106 exponit
1060 4045 1276 4109 vietum,
1310 4049 1486 4111 molle,
1518 4052 1637 4101 sub·

570 4118 685 4180 tile,
719 4119 932 4183 gracile,
965 4122 1117 4184 quale
1138 4130 1219 4172 est
1246 4125 1449 4176 salsive
1470 4129 1635 4179 salum

571 4195 746 4258 maris,
780 4210 930 4260 quem
977 4198 1095 4247 vide
1141 4200 1207 4249 ad
1250 4201 1385 4252 Livii
1429 4209 1512 4255 88.
1552 4210 1635 4256 48.

574 4270 709 4321 Hau.
778 4272 927 4336 Vin-g.
958 4272 1154 4338 Georg.
1177 4279 1226 4324 8.
1263 4280 1375 4328 176.
1408 4280 1425 4308 4
1452 4295 1634 4331 vescas

573 4347 788 4398 salicum
820 4346 1034 4399 frondes
1047 4348 1084 4399 :’
1113 4349 1266 4413 dixit,
1286 4360 1343 4403 et
1364 4354 1563 4421 Georg.
1583 4362 1635 4409 4.

573 4427 687 4474 lat.
734 4426 750 4453 4
780 4439 991 4475 vescum
1035 4427 1315 4493 papaver3'
1350 4431 1426 4483 ibi
1468 4434 1634 4484 siccas

1263 440 1481 491 NOTAE
1529 433 1933 489 VAmonths
1985 438 2065 488 11⁴¹

1698 587 1758 630 et
1787 585 2016 641 teneras,
2048 577 2135 627 bic
2178 589 2429 643 papaver,
2460 591 2569 642 quo
2607 578 2768 630 vesci-

1697 671 1830 713 mur,
1863 656 2096 719 explieat
2115 653 2344 705 Servius.
2379 654 2558 717 Preig.

1758 732 1961 795 Peteon]
1984 734 2404 798 circumquaque
2423 732 2634 796 attrita,
2651 746 2769 783 eou-

1691 819 1930 876 sumpta:
1953 811 2105 860 Maro
2126 809 2242 859 AEu.
2259 813 2403 860 139.
2419 810 2440 837 4
2458 809 2626 860 Amor
2644 825 2770 876 quos

1701 889 1820 939 tabe
1856 887 2098 952 peredit.'
2135 888 2276 937 Pius.
2343 888 2534 941 Qualia
2577 888 2776 938 descri-

1695 967 1777 1017 bit
1817 968 1978 1017 etiam
2019 967 2121 1019 Ov.
2160 969 2293 1019 Met.
2331 971 2412 1017 ll.
2449 971 2574 1018 784.
2621 969 2638 994 4
2665 976 2774 1019 ete

1692 1045 1928 1108 scopulo,
1942 1058 2098 1109 quem
2116 1059 2276 1095 rauca
2297 1043 2590 1096 subederat
2609 1044 2768 1107 unda,

1691 1121 1912 1172 Decidit
1936 1123 1989 1171 iu
2015 1122 2269 1186 pontum!
2306 1123 2446 1172 Hau.

1756 1203 1853 1249 828
1889 1199 2018 1255 Quid
2039 1197 2242 1264 quque]
2288 1199 2500 1262 Quoque
2534 1198 2650 1250 Gis.
2682 1200 2770 1250 Sic

1693 1273 1971 1338 legendum
1995 1289 2061 1324 ex
2086 1276 2400 1325 auctoritate
2429 1275 2589 1324 trium
2615 1274 2769 1325 libro·

1693 1368 1804 1403 rum
1830 1353 2313 1417 manuscriptorum.
2333 1352 2424 1402 Sic
2443 1354 2603 1417 paulo
2625 1360 2765 1414 ante,

1694 1433 1812 1481 821.
1846 1428 1982 1479 ‘Sed
2015 1444 2132 1494 quas
2168 1442 2390 1492 corpora
2421 1428 2694 1479 decedant
2711 1429 2761 1480 11

1695 1513 1931 1571 tempore
1954 1505 2194 1572 quoqne,'
2218 1509 2320 1555 etc.
2352 1505 2524 1556 Iamb-

1763 1584 1954 1647 Pom's]
1984 1584 2173 1634 Pouet.
2205 1581 2317 1634 Gif.

1763 1665 1862 1712 829
1900 1661 2185 1726 Corporibus
2216 1658 2377 1724 cecis]
2416 1660 2615 1721 Cascis,
2654 1660 2688 1710 i.
2719 1674 2765 1709 c.

1699 1736 1929 1802 ἀοράτου,
1972 1753 2084 1802 seu,
2126 1753 2244 1803 quas
2281 1752 2384 1788 uou
2428 1738 2633 1788 cadunt
2675 1737 2768 1787 sub

1701 1831 1925 1880 sensum,
1957 1821 2013 1866 et
2052 1831 2169 1882 qun
2204 1815 2352 1866 cerui
2385 1829 2488 1866 nou
2535 1823 2764 1880 possunt.

1707 1893 1878 1945 Lamb.

1771 1971 1916 2021 Ger-it
1951 1972 2053 2036 res]
2126 1972 2315 2030 Recte,
2347 1969 2504 2035 gerit.
2549 1985 2656 2020 nou
2692 1985 2775 2036 3‘·

1703 2046 1797 2097 πίε.
1830 2054 1936 2098 vet.
1969 2047 2157 2099 codex.
2191 2053 2249 2097 et
2282 2047 2378 2098 inf.
2410 2052 2464 2098 2.
2497 2051 2615 2097 lou.
2667 2046 2772 2107 Gif.

1704 2125 1751 2175 Ι.
1784 2141 1836 2175 e.
1874 2140 1956 2175 res
1991 2125 2335 2188 administrat,
2367 2132 2428 2176 et
2459 2120 2779 2186 moderatur,

1689 2203 1954 2267 ·tanquam'
1989 2202 2308 2267 imperatrix.
2331 2202 2425 2252 sed
2450 2199 2677 2251 fortasse
2701 2202 2774 2250 le·

1706 2277 1932 2341 gendum
1951 2279 2108 2341 gestit,
2129 2278 2165 2328 i.
2189 2293 2240 2328 e.
2265 2277 2467 2343 giguit:
2493 2277 2634 2343 quod
2661 2292 2776 2327 ver·

1706 2353 1828 2405 bum
1850 2355 2095 2406 Lucretio
2107 2360 2190 2405 cst
2205 2355 2621 2405 usitatissimum.
2674 2354 2776 2404 Ve-

1710 2436 1982 2482 runtamen
2023 2430 2154 2481 nihil
2209 2429 2510 2481 mutandum
2567 2443 2776 2481 censeo.

1707 2507 1877 2558 Lumb.
1943 2509 2064 2559 Nou
2108 2523 2238 2572 opus
2283 2513 2367 2558 est
2402 2513 2463 2558 ut
2505 2506 2592 2558 hic
2630 2521 2776 2556 suum

1704 2584 1844 2647 genie
1866 2585 2096 2635 incuicet
2119 2585 2415 2648 uutbiuus,
2433 2600 2551 2634 cum
2575 2585 2647 2634 sit
2669 2583 2778 2634 iuri-

1710 2664 1838 2712 tatio
1881 2663 2018 2714 iilius
2065 2663 2288 2713 Enniani
2335 2662 2475 2726 apud
2523 2662 2776 2712 Festum:

1707 2742 1724 2769 4
1740 2741 1871 2790 Cum
1893 2756 2080 2806 magno
2102 2741 2328 2805 strepitu
2345 2740 2572 2790 Vulcani
2595 2745 2780 2791 veutm

1710 2818 1847 2883 gerit
1887 2819 2029 2869 ren!
2096 2818 2295 2869 Eodem
2339 2818 2436 2868 boc
2481 2832 2638 2868 versu
2679 2818 2779 2868 Hs.

1710 2910 1805 2960 pro
1843 2898 1980 2946 occis
2010 2896 2173 2946 habet
2204 2896 2361 2959 conss,
2395 2893 2538 2962 quod
2571 2908 2676 2945 nou
2698 2901 2782 2945 est

1713 2972 2054 3037 probandum.
2089 2972 2226 3023 Hau.
2386 2980 2390 2984 '
2753 2982 2756 2987 '

1775 3055 1874 3102 880
1909 3052 2187 3102 Nectum·
2199 3051 2430 3117 undiquc}
2461 3053 2624 3103 Nunc
2641 3060 2780 3116 post·

1710 3142 1926 3194 eaquam
1967 3129 2154 3180 docuit
2184 3143 2301 3180 esse
2338 3143 2565 3192 corpora
2597 3130 2780 3192 prima,

1711 3205 2017 3270 aggreditur
2050 3205 2119 3255 ad
2147 3204 2532 3256 ostendendum
2563 3219 2681 3255 esse
2701 3203 2778 3254 iu-

1709 3299 1826 3334 auc.
1891 3285 1963 3336 Et
1984 3285 2227 3350 primum,
2246 3300 2280 3334 a
2308 3289 2453 3335 motu
2484 3296 2518 3334 e
2551 3283 2675 3334 loco
2713 3283 2780 3333 ad

1710 3360 1903 3424 locum,
1923 3375 2077 3427 quem
2116 3360 2295 3411 Greci
2319 3359 2470 3425 φορὰν
2490 3360 2780 3421 nominant,

1711 3437 1962 3503 probabit
1973 3452 2087 3488 esse
2107 3437 2283 3489 inane,
2349 3439 2471 3488 Nou
2490 3443 2667 3488 tamen
2684 3437 2783 3503 (in-

1712 3512 1847 3579 quit)
1870 3515 2042 3566 omnia
2063 3516 2362 3579 constipata
2384 3520 2441 3564 et
2462 3513 2782 3565 condensata

1710 3598 1832 3640 suut
1867 3589 2191 3654 corporibus.
2224 3590 2389 3641 [mab.
2456 3589 2632 3655 Supra
2664 3604 2782 3654 pro·

1711 3668 1860 3718 bavit
1882 3683 1998 3719 esse
2018 3681 2240 3732 corpora
2272 3667 2462 3730 prima,
2484 3680 2656 3732 eaque
2688 3665 2779 3716 mi-

1713 3760 1786 3796 rae
1830 3744 2101 3810 cujusdam
2144 3741 2470 3807 exiguitatis,
2515 3754 2636 3807 quae
2671 3740 2783 3791 sola

1713 3828 1834 3872 suut
1873 3835 2042 3872 rerum
2090 3819 2384 3886 principia3
2419 3833 2561 3868 nuuc
2598 3818 2782 3884 probat

1710 3911 1826 3948 esse
1866 3897 2034 3947 Inane.
2123 3896 2390 3957 Ceterum,
2432 3894 2576 3959 quod
2611 3902 2781 3946 tamen

1710 3974 1861 4025 muiti
1885 3974 2203 4036 existimant,
2225 3972 2381 4022 inane
2404 3984 2509 4020 uon
2534 3979 2618 4021 est
2639 3972 2780 4036 priu-

1710 4049 1926 4115 cipium‚
1979 4064 2084 4100 uon
2128 4047 2292 4113 magis
2336 4061 2496 4113 quam
2539 4049 2781 4112 privatio.

1713 4126 1835 4178 Feb.
1915 4127 2089 4190 Supra
2148 4123 2472 4188 probaverat
2531 4138 2783 4190 corporea

1712 4203 1952 4269 quaedum
2007 4216 2124 4253 esse
2167 4201 2449 4266 principia,
2473 4201 2591 4265 jam
2630 4202 2783 4252 alia-

1707 4295 1817 4331 rcm
1833 4279 2162 4346 aggreditur,
2174 4286 2231 4329 et
2247 4291 2354 4328 vss.
2366 4282 2420 4329 ο.
2438 4277 2599 4328 docet
2610 4280 2661 4328 iu
2676 4292 2779 4328 om·

1710 4357 1763 4407 ni
1804 4356 1942 4406 aliud
1979 4356 2134 4421 plane
2169 4367 2285 4404 esse
2320 4358 2522 4418 praeter
2559 4355 2777 4417 comus,

1712 4433 1806 4484 viz.
1829 4432 2030 4484 Inane:
2066 4430 2218 4482 Istud
2249 4435 2421 4480 autem
2455 4430 2609 4481 iuauo
2647 4427 2774 4479 defi-
