3009 4925
516 450 587 499 Τ.
638 448 1000 499 Lucnss'ru
1044 445 1228 499 ‘CARI
1283 448 1382 497 DE
1431 447 1700 497 RERUM
1752 445 1926 496 NA‘r.
1978 448 2123 497 Lm.
2171 451 2220 497 1.

266 593 399 657 piam
417 587 602 643 facere
614 606 720 643 non
741 599 975 658 possent,
990 589 1052 643 ut
1070 597 1222 643 notat
1243 591 1333 643 Al-

265 670 426 720 cintus
449 666 690 733 rupimus·
701 670 858 734 juris,
877 674 929 721 8.
950 675 1029 722 19.
1063 669 1230 721 Lami».

322 745 482 810 Signa
498 761 668 798 maus
681 745 904 810 dmm]
945 746 1181 798 Ridicule
1202 746 1332 796 Pius

267 823 319 872 in
337 822 530 874 Aunot.
554 832 676 886 post
708 838 758 874 e.
778 839 825 873 v.
847 823 1068 887 exponit
1086 823 1152 872 de
1173 821 1336 872 ferra-

265 899 453 949 mentis
490 900 683 950 ostium
724 899 1072 963 pulsantibus,
1107 898 1333 963 effigiem

266 975 537 1026 humanam
587 976 674 1026 vel
730 974 949 1026 ferinam
1005 975 1336 1039 habentibus,

256 1050 403 1115 ‘quod
427 1051 567 1101 idem
590 1052 722 1102 etin
746 1052 905 1103 Notis
926 1051 1031 1102 suis
1052 1051 1119 1101 ad
1142 1052 1335 1102 Lucre·

267 1128 395 1179 tium
418 1128 726 1192 inculcavit,
746 1128 937 1194 aliquid
959 1136 1137 1179 tamen
1159 1127 1211 1178 iu
1232 1126 1336 1178 flue

267 1204 468 1264 videns,
508 1220 668 1270 quum
703 1204 771 1256 ad
816 1206 1126 1257 simulachra
1171 1205 1336 1274 numi-

266 1294 408 1344 num,
435 1289 706 1346 portarum
729 1289 786 1332 et
809 1283 1013 1333 urbium
1037 1282 1337 1346 praesidum,

266 1357 444 1423 petius
479 1365 666 1409 censet
705 1357 1071 1420 referendum;
1104 1358 1239 1424 quod
1281 1368 1338 1410 et

266 1438 466 1497 praeter
502 1433 631 1484 alios
653 1433 810 1484 docet
831 1435 1066 1486 Turneb.
1090 1434 1226 1486 Λᾶν.
1254 1441 1335 1488 18.

267 1513 315 1559 6.
336 1515 393 1559 et
423 1513 510 1560 25.
535 1514 583 1560 1.
615 1511 832 1575 Legitur
864 1518 921 1561 et
956 1527 1124 1562 mnus
1153 1518 1338 1575 exeras,

267 1586 402 1651 quod
430 1586 531 1637 Ed.
567 1587 693 1636 Bas.
731 1588 785 1637 iu
811 1588 1042 1652 margine
1065 1589 1223 1638 etiam
1247 1604 1337 1653 ag-

264 1665 454 1714 noscit.
470 1664 609 1729 quod
628 1665 949 1728 significaret
965 1680 1081 1716 eam
1097 1680 1337 1716 manuum

265 1747 469 1804 partem
507 1756 625 1806 quae
660 1742 717 1791 in
749 1741 908 1806 signis
929 1756 996 1793 ex
1017 1743 1338 1793 vestimentis

269 1817 568 1879 prominere
588 1817 876 1869 videbatur.
929 1819 1068 1869 Nam
1090 1826 1256 1881 certe,
1278 1820 1338 1869 li-

271 1900 358 1944 cet
378 1895 500 1960 plus
523 1895 793 1960 religionis
828 1903 885 1946 et
906 1896 1113 1946 honoris
1137 1897 1191 1945 in
1213 1897 1338 1946 dex-

269 1978 350 2022 tra
369 1972 638 2021 simulacri
658 1987 834 2036 manu,
865 1979 1040 2025 tamen
1081 1988 1186 2036 prae
1211 1973 1339 2023 mul-

268 2048 499 2100 titudine
527 2049 844 2098 salutantum
884 2048 1043 2099 etiam
1081 2049 1216 2099 laeva
1236 2063 1342 2099 ma·

269 2138 364 2173 nns
400 2123 566 2173 minui
604 2138 819 2174 necesse
856 2123 1053 2174 habuit.
1135 2123 1247 2173 Imo
1287 2133 1343 2174 et

267 2199 482 2251 barbam
520 2210 577 2251 et
611 2207 863 2265 mentum,
902 2208 962 2251 et
999 2201 1344 2265 quodcunque

268 2279 504 2330 vestibus
562 2279 849 2342 eminebat,
897 2278 1344 2344 praehendebant3

269 2357 345 2405 uti
385 2356 640 2420 singulari
677 2356 796 2407 loco
826 2356 977 2407 docet
1002 2356 1191 2407 Cicero
1216 2361 1267 2406 4.
1292 2355 1344 2403 in

268 2431 424 2483 Verr.
447 2447 571 2497 cap.
592 2436 674 2483 4⁰.
711 2432 778 2483 de
799 2433 1023 2498 Templo
1046 2433 1345 2498 Agrigenti-

268 2523 369 2561 ne:
403 2513 420 2539 ‘
440 2509 528 2559 Ibi
550 2516 634 2560 est
656 2525 723 2559 ex
754 2526 861 2560 aere
896 2510 1244 2573 simulacrum,
1268 2512 1347 2574 ip·

270 2585 377 2636 sius
415 2586 685 2651 Herculis,
725 2602 828 2653 quo
866 2602 970 2637 non
1008 2587 1163 2638 facile
1198 2587 1345 2653 quid-

272 2678 429 2729 quam
452 2664 678 2714 dixerim
712 2680 797 2715 me
836 2665 1029 2716 vidisse
1063 2665 1346 2729 pulchrius,

272 2740 488 2791 tametsi
508 2755 610 2792 non
631 2749 736 2792 tam
753 2743 972 2793 multum
992 2743 1171 2792 inistis
1189 2742 1346 2793 rebus

270 2817 534 2883 intelligo,
553 2833 708 2884 quam
732 2821 896 2870 muita
920 2818 1056 2881 vidi;
1080 2834 1241 2885 usque
1264 2834 1347 2877 co,

263 2893 498 2958 judices,
533 2902 596 2945 ut
633 2895 822 2946 rictum
858 2897 975 2961 ejus
1012 2910 1074 2945 ac
1115 2902 1346 2946 mentum

273 2971 454 3035 paullo
476 2970 547 3022 sit
568 2971 820 3035 attritius,
843 2971 983 3037 quod
1015 2972 1068 3021 in
1100 2971 1347 3035 precibus

275 3052 331 3097 et
360 3047 801 3111 gratulationibus
834 3062 938 3099 uon
977 3049 1145 3098 solum
1184 3048 1238 3097 id
1264 3062 1349 3101 ve·

275 3126 470 3188 norati,
493 3138 672 3173 verum
707 3125 866 3175 etiam
896 3124 1116 3175 oseulari
1147 3123 1353 3175 solent.'

278 3199 413 3251 Hac.
493 3201 702 3265 Legunt
738 3200 950 3267 qnidam
986 3216 1153 3251 manus
1185 3206 1352 3251 extrue

276 3283 610 3341 promeres.-
637 3277 737 3328 hoc
758 3286 842 3328 est
865 3280 1123 3329 marculus
1147 3276 1349 3327 ferreus

276 3355 549 3406 ostiarius:
588 3356 677 3421 qui
698 3354 951 3421 figuratus
979 3356 1032 3405 in
1057 3356 1350 3406 similitudi·

275 3444 395 3482 nem
417 3446 620 3494 manus,
640 3440 715 3496 et,
732 3439 793 3483 ut
811 3447 948 3483 nunc
964 3431 1047 3494 fit,
1068 3448 1215 3482 usum
1241 3433 1354 3497 pul-

277 3509 426 3559 tandi
448 3507 642 3559 foribus
663 3516 896 3574 praestat.
953 3511 1139 3560 Exim
1162 3525 1256 3575 pro
1271 3525 1352 3559 ex-

277 3592 408 3637 teras
427 3587 652 3638 dicimus
676 3589 833 3641 sicuti
871 3591 1071 3640 dextras
1105 3604 1201 3655 pro
1237 3592 1354 3639 dex-

279 3668 442 3716 teras.
499 3665 636 3715 Sunt
677 3665 766 3731 qui
807 3665 1043 3716 referunt
1068 3667 1132 3716 ad
1156 3673 1356 3716 statuas

277 3739 532 3792 formatas
557 3741 609 3791 in
631 3743 1021 3794 similitudinem
1042 3742 1249 3793 habitus
1268 3759 1358 3807 pa-

279 3816 603 3869 cificatoris:
634 3818 722 3884 qui
764 3828 1014 3883 porrecta
1050 3835 1206 3869 mauu
1229 3820 1355 3870 dex-

281 3900 370 3944 tra
411 3908 598 3959 pacem
642 3896 823 3960 largiri
872 3897 1153 3947 videbant:
1200 3910 1357 3960 super

280 3985 387 4035 qua
399 3985 462 4020 re
474 3970 783 4022 Quintilian.
797 3976 856 4023 et
871 3972 1193 4039 Papinianus
1212 3974 1355 4038 SylV.

281 4051 331 4096 1.
369 4049 453 4097 16.
485 4047 689 4099 ‘Juvat
724 4062 817 4097 era
853 4050 989 4099 tueri
1024 4049 1186 4099 Misia
1218 4049 1357 4100 uotis

279 4121 409 4171 belli
451 4122 813 4187 placidamque
859 4126 1096 4188 gerentia
1136 4129 1359 4191 pacem.’

281 4199 404 4249 Tale
426 4200 587 4249 etiam
612 4200 833 4249 ahenum
866 4200 1020 4251 bodie
1055 4200 1361 4265 pacificato-

286 4287 398 4327 rem
435 4288 597 4339 agens
632 4276 820 4327 visitur
846 4276 900 4326 iu
921 4276 1033 4327 foro
1056 4278 1352 4328 Ticinensiz

288 4361 439 4413 qnam
472 4366 649 4417 regem
690 4366 957 4403 censerem
980 4353 1132 4418 vulgo
1155 4354 1355 4416 dicunt,

2335 434 2466 500 947

1404 605 1523 656 que
1546 592 1834 657 appellatio
1853 592 2087 656 Trajauo
2102 590 2186 641 vel
2204 589 2472 644 Antonino

1407 671 1650 736 quadrat.
1715 670 1832 720 Erit
1854 670 2084 720 Lucretii
2106 684 2315 720 seusus:
2354 687 2473 736 qua

1405 747 1549 810 signa
1567 748 1752 808 abens,
1771 747 1871 796 hoc
1892 754 1994 807 est,
2018 746 2472 809 aereasimulacra,

1406 823 1691 873 ostendant
1726 837 1908 873 manus
1943 821 2174 886 dextras,
2206 838 2333 889 quas
2363 839 2481 889 por·

1407 898 1584 962 rigunt
1606 898 1670 948 ad
1709 913 1888 963 pacem
1918 898 2277 952 indicandam:
2313 916 2374 952 se
2396 916 2478 952 sa·

1408 977 1688 1038 intantum,
1742 976 1831 1040 qni
1871 976 2221 1027 osculantium
2259 983 2318 1026 et
2355 991 2477 1028 con·

1403 1052 1675 1116 junctione
1698 1067 1879 1103 manus
1898 1054 2118 1103 salutem
2142 1054 2476 1107 reddentium

1410 1136 1676 1194 contactu,
1703 1129 1986 1180 ostendunt
2010 1129 2172 1179 tacite
2197 1144 2311 1180 aevo
2334 1133 2478 1197 carpi

1412 1213 1468 1256 et
1486 1207 1781 1257 attenuas-iz
1809 1207 2047 1271 quoniam
2070 1207 2323 1257 sentimus
2336 1208 2476 1274 quod

1411 1280 1793 1344 decreverunt3
1828 1282 1921 1332 sed
1944 1283 2152 1348 quando
2173 1289 2228 1333 et
2262 1298 2366 1349 qua
2406 1285 2479 1335 in·

1403 1358 1566 1422 juria,
1607 1359 1836 1409 minime.
1886 1358 2022 1409 Pius.
2097 1359 2242 1411 Quas
2281 1361 2480 1411 oscula-

1415 1433 1605 1485 bantur
1635 1437 1725 1502 qui
1759 1451 1827 1486 ex
1865 1435 1996 1486 urbe
2032 1436 2267 1500 exibant,
2299 1444 2357 1487 et
2392 1438 2482 1502 qui

1414 1527 1634 1577 peregre
1676 1512 1730 1563 iu
1775 1513 1955 1562 urbem
1999 1512 2262 1563 redibant.
2308 1513 2482 1563 Lamb.

1413 1587 1677 1652 Intelligit
1703 1588 1936 1638 Deorum
1969 1589 2272 1639 tutelarium
2316 1590 2483 1653 sigua,

1414 1678 1637 1729 quorum
1668 1680 1875 1715 manum
1902 1664 2139 1714 dextram
2162 1665 2251 1730 qni
2275 1667 2483 1716 exirent

1414 1755 1480 1791 ex
1501 1741 1649 1804 urbe,
1670 1747 1727 1791 et
1755 1742 1844 1806 qui
1880 1740 2300 1806 ingrederentur,
2332 1757 2483 1793 oscu-

1413 1818 1512 1868 lari
1526 1819 1782 1882 solebant,
1798 1817 1954 1883 idque
1970 1817 2091 1868 boni
2108 1818 2292 1868 ominis
2309 1832 2484 1869 causa.

1414 1909 1586 1960 neque
1609 1902 1783 1946 tamen
1804 1896 1955 1957 ullus,
1978 1893 2116 1958 quod
2139 1895 2316 1956 sciam,
2336 1900 2484 1944 vete·

1414 1972 1485 2021 ris
1506 1972 1777 2036 scriptoris
1799 1972 1941 2021 locus
1963 1970 2028 2021 ad
2052 1969 2104 2021 id
2128 1969 2483 2020 demonstran·

1415 2048 1538 2098 dum
1561 2046 1806 2109 affertur3
1828 2047 1920 2096 sed
1944 2047 2019 2097 ita
2036 2061 2121 2097 res
2144 2046 2486 2107 describitur,

1417 2131 1477 2175 ut
1500 2124 1707 2174 minime
1726 2124 1884 2175 dubia
1905 2123 2073 2174 videri
2096 2123 2310 2174 debeat.
2376 2123 2485 2172 Cur

1419 2208 1593 2251 autem
1618 2200 1859 2250 dextram
1900 2201 2069 2265 petius
2105 2201 2491 2263 oscularentur,

1420 2292 1573 2343 quam
1592 2277 1794 2341 laevam,
1808 2276 1968 2327 habes
1987 2276 2280 2327 Varronem
2297 2278 2385 2342 qui
2403 2277 2490 2326 do·

1420 2360 1540 2403 ceat
1558 2353 1899 2417 inexcerptis
1924 2368 1991 2403 ex
2012 2353 2196 2404 Servio
2219 2354 2271 2403 in
2294 2352 2411 2403 AEn.
2440 2357 2486 2401 1.

1422 2429 1544 2482 Fab.
1617 2432 1798 2481 Exti-us
1825 2430 1878 2480 in
1901 2430 2134 2495 margine
2158 2430 2376 2494 apponit
2396 2428 2489 2479 Gi-

1420 2509 1612 2574 fanius,
1647 2510 1819 2561 forsan
1856 2525 1952 2575 pro
1977 2516 2168 2562 exertas
2190 2516 2280 2560 ant
2299 2509 2490 2572 promi-

1422 2593 1641 2637 nentes:
1687 2588 1764 2638 sic
1804 2587 1943 2653 apud
1979 2586 2279 2637 Lucretium
2314 2585 2405 2635 lib.
2435 2589 2489 2635 4.

1422 2678 1501 2713 vs.
1536 2666 1650 2713 278.
1681 2663 1901 2712 exirm-ia
1931 2663 2020 2712 lux
2051 2676 2145 2727 pro
2166 2667 2385 2723 esterna,
2408 2663 2490 2711 vel

1420 2742 1706 2792 extrinseca.
1772 2742 1997 2791 Versum
2038 2747 2342 2805 sequentem
2384 2752 2490 2789 nou

1424 2819 1663 2883 agnoscit
1685 2819 1749 2869 Β.
1785 2818 1980 2870 emeli.

1487 2903 1588 2950 819
1626 2899 1764 2963 δορα
1801 2900 2097 2949 animatam
2132 2897 2288 2963 tuctu]
2324 2897 2492 2962 Hujus

1422 2974 1680 3029 salutandi
1703 2974 1857 3025 moris
1875 2974 2078 3025 infinita
2093 2982 2218 3025 sunt
2235 2973 2375 3038 apud
2398 2976 2494 3024 La·

1425 3054 1561 3103 tinos
1597 3054 1879 3117 scriptores
1910 3053 2183 3116 exempla:
2217 3066 2282 3101 ex
2306 3051 2494 3116 quibus

1425 3131 1555 3180 licet
1575 3146 1742 3194 pauca
1766 3130 2118 3193 degustemus.
2186 3129 2297 3179 Cic.
2338 3128 2495 3192 epist.

1424 3208 1490 3257 ad
1528 3207 1779 3257 Brutum:
1829 3208 1845 3234 ‘
1881 3206 2016 3256 Haec
2059 3204 2242 3268 scripsi
2287 3205 2339 3253 in
2382 3204 2499 3267 ipsa

1427 3283 1581 3333 turba
1621 3283 1895 3332 matutlnae
1941 3280 2308 3331 salutationis!
2391 3280 2494 3331 Qu.

1429 3360 1617 3410 Frater
1634 3360 1701 3408 de
1726 3365 1835 3422 pet.
1859 3359 2055 3408 consul.
2089 3358 2104 3386 ‘
2131 3349 2495 3406 Deductorum

1430 3435 1657 3487 officium
1701 3435 1866 3497 majus
1910 3440 2013 3498 est,
2049 3447 2202 3498 quam
2249 3433 2498 3481 salutato-

1431 3512 1581 3563 rum!
1648 3513 1795 3575 virg.
1819 3512 2014 3573 Georg.
2036 3514 2086 3558 2.
2121 3512 2236 3557 462.
2273 3509 2289 3536 ‘
2311 3506 2494 3556 Sinon

1431 3590 1697 3655 ingentem
1714 3588 1910 3639 foribus
1929 3586 2114 3636 donnus
2129 3585 2235 3633 alta
2257 3580 2496 3646 superbis

1430 3669 1591 3718 Mane
1615 3668 1932 3717 salutantum
1955 3664 2078 3715 totis
2100 3664 2264 3713 vomit
2296 3660 2496 3711 aedibus

1432 3744 1653 3794 undam:
1689 3742 1766 3792 At
1803 3755 1989 3790 secura
2026 3740 2193 3805 quies,
2230 3743 2287 3788 et
2324 3736 2498 3787 nescia

1431 3818 1617 3870 fallere
1638 3817 1784 3868 vita-⁹
1848 3814 2009 3868 Mart.
2031 3821 2080 3868 4.
2100 3820 2151 3866 8.
2184 3818 2198 3842 ‘
2220 3814 2398 3864 Prima
2422 3826 2502 3862 sa·

1433 3898 1683 3947 lutauteis
1718 3902 1877 3961 atque
1902 3897 2071 3946 altera
2108 3892 2331 3942 distinet
2354 3891 2498 3951 liora,

1433 3974 1662 4024 Exercet
1716 3966 1915 4023 raucos
1959 3970 2118 4021 tertia
2170 3965 2499 4019 causidicos.’

1430 4049 1600 4099 Lamb.

1496 4130 1595 4176 320
1647 4126 1770 4175 Sunt
1810 4124 2014 4187 detrita]
2060 4122 2152 4171 Sic
2196 4122 2499 4186 conjectura

1433 4202 1623 4252 ductus
1644 4201 1845 4266 scripsi.
1915 4200 1977 4249 lu
2012 4199 2160 4249 libris
2198 4197 2344 4249 ferez
2379 4197 2499 4249 siat.

1501 4357 1627 4406 Cum
1655 4355 1753 4404 sint
1780 4352 1930 4417 dein]
1961 4352 2051 4403 Sic
2090 4350 2284 4400 habeut
2322 4363 2499 4400 omues
