3009 4925
564 403 631 448 Τ.
680 401 1036 449 Lucnss‘rn
1088 400 1264 447 CAR!
1321 398 1416 446 DE
1468 399 1734 448 RERUM
1786 400 1961 449 NA'r.
2010 401 2151 449 12113.
2200 402 2314 450 111.

378 547 434 597 ni
472 545 772 616 conditione
815 560 943 597 cura
974 553 1135 611 atque
1155 544 1431 610 aegi·itudo·‚

376 624 573 689 quippe
594 624 729 673 huuc
753 632 967 684 metum,
988 637 1264 687 omnesque
1288 622 1432 685 cupi-

377 702 571 751 ditates
613 716 678 767 ex
717 701 808 751 illa
844 707 992 750 natas
1035 714 1209 749 secum
1232 696 1430 759 feruut;

378 792 554 827 veram
588 784 759 827 autem
791 776 1182 842 philosophiam,
1220 773 1433 839 Epicuri

378 855 478 907 viz.
520 855 847 919 sapientium,
876 861 1178 918 sequautur,
1212 852 1434 902 animum

377 933 644 982 mortalem
688 946 802 981 esse
848 931 1049 980 discant
1087 929 1337 991 homines,
1380 936 1435 979 et

372 1007 602 1072 deponet
625 1009 842 1074 quisque
863 1008 1139 1068 sarcinam,
1157 1020 1305 1073 quam
1318 1021 1433 1070 gra-

377 1098 490 1135 vem
510 1085 685 1133 sentit.
725 1085 917 1134 Creech.

444 1165 571 1211 1008
605 1163 670 1213 Et
696 1162 862 1226 quibus
881 1162 934 1210 id
952 1159 1078 1226 fiat]
1108 1160 1162 1210 Si
1199 1159 1433 1224 ita-pos·

376 1245 495 1288 sent
531 1239 761 1289 homines
797 1238 956 1289 etiam
992 1236 1355 1302 egritudinum
1378 1242 1436 1286 et

372 1316 723 1366 molestiarum
764 1329 968 1366 suarum
1009 1328 1189 1365 causas
1219 1326 1434 1381 cognos-

374 1407 515 1455 cere,
541 1401 599 1443 ut
614 1393 843 1443 sentiunt
858 1392 1205 1442 molestiarum
1224 1389 1433 1440 aculeos

376 1478 431 1521 et
454 1470 801 1536 gravitatem:
835 1484 939 1519 non
973 1469 1049 1519 ita
1092 1468 1350 1530 viverent,
1373 1474 1433 1517 ut

373 1564 563 1612 magua
595 1563 660 1597 ex
693 1554 843 1612 purte
873 1561 963 1596 eos
985 1545 1158 1595 vivere
1182 1543 1432 1594 videmus.

377 1625 604 1675 Videtur
625 1624 919 1688 legendum,
949 1624 1018 1672 Et
1057 1620 1225 1687 quibus
1257 1622 1313 1671 id
1330 1620 1432 1687 fiat

376 1700 534 1751 causis
561 1716 769 1763 cognosc.
789 1701 870 1763 ὅτ.
906 1706 963 1749 et
1000 1699 1076 1749 ita
1096 1698 1291 1748 habent
1312 1697 1430 1748 cod.

376 1777 719 1840 Parisieuses,
751 1777 917 1827 codex
954 1776 1284 1826 Bertiniauus
1325 1790 1430 1826 ma·

376 1870 547 1906 nuser.
578 1870 706 1921 quos
746 1869 881 1905 nuuc
912 1869 1117 1919 sequor.
1181 1853 1318 1904 Nam
1343 1852 1433 1903 alii

375 1931 592 1995 habent,
625 1934 673 1982 Ε
693 1931 859 1997 quibus
878 1932 929 1981 id
950 1931 1051 1998 fiat
1082 1930 1239 1981 σαιωίι
1260 1944 1435 1995 quoque

371 2025 583 2074 noscere,
601 2013 681 2074 δίο.
716 2011 897 2061 Lamb.

445 2086 756 2151 Cognoscere]
825 2086 914 2137 Ita
962 2101 1029 2136 ex
1071 2092 1177 2137 vet.
1224 2084 1436 2151 quibus·

375 2163 496 2214 dam
518 2162 808 2228 legendum.
857 2164 1013 2228 vulg.
1036 2177 1211 2229 quoque
1230 2177 1432 2213 noscere.

386 2241 567 2292 Gifnna

439 2322 569 2370 1060
611 2318 736 2369 Mati
776 2324 1014 2382 tamquam
1059 2318 1225 2386 moles]
1270 2318 1432 2370 Εἶκῶν.

373 2390 513 2458 quod
538 2394 580 2443 si
601 2393 818 2444 dixisset
838 2395 985 2444 ‘mali
1002 2394 1201 2456 moles‚'
1225 2410 1325 2445 nou
1343 2396 1431 2445 ad-

373 2472 489 2523 dito
540 2471 869 2537 ‘tamquam,'
918 2470 1108 2521 fuisset
1144 2473 1429 2524 translatio.

373 2549 465 2600 Sic
497 2548 589 2600 lib.
611 2556 657 2600 1.
674 2550 739 2599 de
759 2549 911 2599 Orat.
929 2550 994 2599 ad
1021 2549 1086 2600 Q.
1113 2548 1260 2598 Frat.
1292 2549 1430 2611 prin-

372 2626 476 2691 cip.
511 2627 528 2655 ‘
546 2627 606 2676 lu
628 2641 692 2677 eo
710 2626 944 2680 mnximae
962 2624 1309 2675 molestiarum
1324 2641 1430 2676 mo-

369 2703 467 2765 les,
502 2711 558 2754 et
601 2703 1052 2754 turbulentissima*
1092 2709 1430 2765 tempestates

373 2781 725 2832 exstiterunt.’
782 2779 930 2830 Idem
953 2780 1100 2830 lib.3.
1119 2780 1279 2830 Tusc.
1301 2780 1430 2831 ‘Aut

371 2871 580 2923 semper
622 2859 845 2925 aliquam
898 2858 1083 2908 molem
1138 2856 1429 2908 meditabar

369 2935 527 2986 mali.'
557 2934 725 2986 lamb.

441 3016 566 3064 1071
594 3012 723 3068 Quid
744 3011 837 3060 sibi
875 3010 1089 3076 quisque]
1122 3011 1209 3062 Sic
1252 3011 1428 3075 legeu-

373 3087 517 3152 dum,
551 3095 607 3140 et
639 3089 712 3138 ita
733 3089 926 3140 liabent
947 3087 1064 3138 libri
1089 3102 1348 3138 manuscr.
1373 3096 1430 3138 et

368 3167 600 3217 nonnulli
624 3166 879 3230 impressi.
911 3165 1076 3218 Lamb-

440 3247 566 3293 1073
601 3244 722 3293 Exit
742 3243 1015 3310 sepeforas
1036 3244 1294 3306 magniaco:
1314 3243 1430 3293 adi-

371 3318 481 3383 bus]
511 3322 654 3371 Talis
693 3321 1007 3372 describitur
1046 3321 1298 3371 Charinus
1341 3320 1428 3369 ille

371 3397 651 3448 Plautinus
675 3399 726 3448 in
750 3400 974 3448 Mercat.
995 3402 1044 3448 3.
1065 3402 1117 3448 4.
1144 3401 1189 3446 1.
1206 3398 1221 3425 ‘
1236 3397 1428 3447 Sumne

371 3488 474 3539 ego
507 3476 655 3526 bomo
696 3477 870 3540 miser,
907 3477 994 3540 qui
1016 3490 1266 3540 nusquam
1295 3473 1427 3525 bene

373 3554 784 3618 qneoquiescere
797 3555 816 3602 ἓ
830 3554 886 3604 Si
905 3553 1042 3603 domi
1054 3567 1185 3613 sum,
1205 3550 1331 3602 foris
1346 3560 1428 3602 est

372 3628 601 3678 animus:
637 3630 714 3678 sin
751 3629 875 3680 foris
913 3644 1045 3693 sum,
1076 3629 1272 3679 animus
1290 3627 1428 3678 domi

371 3711 488 3756 ests
539 3705 624 3756 Ita
657 3707 780 3758 milii
824 3709 876 3758 iu
918 3718 1133 3772 pectore
1172 3715 1330 3772 atque
1374 3705 1427 3756 in

373 3783 530 3833 corde
571 3782 700 3835 facit
743 3799 888 3835 amor
916 3784 1244 3835 incendium.'
1287 3783 1426 3835 Talis

372 3858 458 3908 ille
482 3860 569 3924 qui
586 3861 694 3910 otio
707 3862 875 3912 nescit
890 3861 967 3911 nti
983 3878 1000 3912 z
1023 3861 1088 3911 de
1107 3876 1209 3926 quo
1232 3861 1427 3910 Ennius

372 3935 453 3985 his
498 3937 750 4000 versibus,
783 3938 945 3990 ‘Otio
988 3939 1078 4004 qui
1123 3938 1293 3989 nescit
1334 3939 1431 4004 uti,

370 4010 489 4076 plus
509 4014 702 4077 negotii
719 4012 898 4078 habet,
916 4014 1082 4066 Quam
1104 4030 1219 4066 cum
1237 4022 1320 4066 est
1339 4030 1429 4065 ne·

370 4090 566 4153 gotium
612 4091 664 4139 in
707 4090 938 4156 negotio.
1004 4092 1136 4142 Nam
1172 4092 1258 4143 cni
1292 4091 1427 4157 quod

369 4173 512 4229 agat,
530 4166 815 4216 institutum
839 4175 937 4231 est,
960 4169 1099 4218 nullo
1119 4169 1327 4233 negotio
1363 4169 1426 4220 Id

369 4240 513 4317 agit:
548 4242 723 4292 studet
745 4242 851 4292 ibi:
883 4249 1108 4294 mentem
1129 4252 1288 4311 atque
1319 4246 1426 4294 aui·

370 4332 507 4369 mum
544 4318 777 4370 delectat
818 4334 982 4372 suum.
1049 4320 1238 4372 Otiose
1279 4322 1428 4373 initio

2400 386 2568 454 132⁷

1512 545 1712 594 animus
1735 547 1899 596 nescit
1923 547 2046 612 quid
2072 546 2219 603 velit.
2278 547 2400 599 Hoc
2432 547 2571 601 idem

1511 630 1612 671 est.
1652 622 1838 686 Neque
1863 620 2001 672 domi
2021 637 2155 673 nuuc
2178 639 2291 684 uos,
2319 638 2419 674 nec
2441 626 2577 681 mili·

1512 699 1602 747 tiae
1641 713 1833 748 sumus.
1898 701 2038 750 lmus
2088 701 2212 762 huc,
2261 700 2380 750 hinc
2428 702 2571 752 illuc.

1513 775 1639 824 Cum
1659 775 1781 826 illuc
1804 784 2016 827 ventum
2035 786 2136 841 est,
2153 779 2226 828 ire
2242 779 2386 830 illiue
2406 780 2569 833 lubet.

1512 850 1721 901 Incerte
1738 861 1877 903 errat
1895 854 2114 916 animus3
2140 862 2575 922 prater-propter

1513 929 1625 978 vita
1646 930 1873 980 viviturss
1941 933 2171 983 Exstant
2184 940 2358 985 autem
2382 934 2435 984 bi
2461 949 2572 985 ver·

1510 1020 1595 1055 sus
1620 1008 1756 1070 apud
1782 1008 1921 1059 Gell.
1947 1013 2023 1061 19.
2044 1014 2124 1059 10.
2160 1010 2261 1060 His
2282 1010 2416 1060 adde
2432 1012 2571 1065 hune

1513 1082 1857 1135 Horatiauum
1882 1087 2049 1149 Epist.
2073 1091 2120 1137 1.
2160 1092 2212 1138 8.
2238 1091 2320 1138 12.
2359 1086 2426 1138 ad
2451 1088 2569 1138 Cel-

1511 1175 1654 1209 sum:
1694 1160 1710 1187 ‘
1732 1163 1908 1212 Romae
1931 1163 2096 1212 Tibur
2119 1178 2283 1215 amem
2303 1173 2572 1228 ventosus,

1507 1239 1697 1289 Tibure
1722 1241 1977 1292 Romam.'
2008 1242 2176 1293 Lame».

1576 1321 1704 1367 1070
1759 1318 1989 1381 Manuos]
2044 1320 2218 1385 Equos
2267 1319 2471 1372 breveis
2514 1328 2572 1372 et

1511 1408 1710 1457 parvos.
1775 1395 1908 1445 Hor.
1950 1396 2121 1459 Epist.
2159 1399 2227 1447 ad
2266 1398 2493 1449 Maeceu.
2521 1404 2567 1451 1.

1505 1474 1559 1522 7.
1588 1476 1670 1523 77.
1743 1477 1758 1500 ⁸
1788 1472 2073 1536 Impositus
2118 1473 2340 1537 mannis,
2390 1489 2568 1524 arvum

1505 1548 1795 1613 caelumque
1830 1548 2078 1599 Sabinum
2118 1549 2237 1598 Non
2268 1554 2438 1602 cessat
2460 1550 2567 1600 lau-

1504 1625 1670 1677 dare.’
1702 1628 1868 1677 Lamb.

1574 1708 1701 1757 1077
1741 1704 1997 1756 Auxilium
2049 1706 2192 1756 tectis
2229 1707 2364 1771 qnasi
2404 1706 2568 1769 serre]

1499 1780 1776 1845 Significat
1838 1796 2085 1832 summam
2156 1781 2567 1833 festinationem.

1504 1857 1677 1908 Lamb.

1575 1938 1703 1985 1078
1757 1936 1946 1986 Oseitd
1984 1892 2244 2001 extemplo]
2288 1932 2571 2003 Oscitatio,

1506 2010 1724 2061 bominis
1745 2020 1828 2062 est
1851 2013 1992 2063 aliud
2015 2013 2237 2077 agentis,
2261 2018 2317 2064 et
2338 2028 2567 2077 proeseu-

1510 2087 1647 2137 tibus
1671 2104 1774 2139 non
1809 2091 2063 2152 contenti,
2099 2097 2171 2151 et,
2205 2103 2320 2154 quae
2359 2089 2568 2149 adsunt,

1507 2162 1842 2229 fastidientis,
1864 2174 1939 2230 et,
1970 2181 2087 2231 quae
2120 2165 2329 2227 absunt,
2364 2164 2566 2217 deside·

1506 2241 1692 2293 rantis.
1734 2242 1873 2294 Gen.
1899 2246 2040 2294 43⁰.
2075 2244 2090 2271 ‘
2108 2241 2567 2308 Deliberatnmque

1508 2327 1590 2372 est
1600 2322 1667 2372 de
1680 2332 1804 2374 nota
1816 2324 1947 2390 ejus,
1963 2323 2051 2389 qui
2066 2322 2132 2373 ad
2148 2334 2297 2374 enus.
2314 2321 2384 2371 ab
2401 2322 2568 2373 amico

1507 2400 1793 2452 advocatus
1826 2409 1929 2464 est,
1953 2409 2007 2451 et
2029 2402 2215 2466 injure
2245 2408 2408 2464 stans,
2428 2400 2569 2450 clare

1507 2479 1662 2526 nimis
1684 2493 1745 2528 sc
1766 2493 1951 2528 sonore
1972 2477 2234 2539 oscitavit,
2264 2483 2419 2540 atque
2441 2476 2567 2529 inibi

1507 2567 1674 2615 prope
1698 2561 1756 2602 ut
1786 2555 2126 2618 plecteretur,
2147 2551 2277 2602 fuit:
2304 2559 2565 2616 tamquam

1499 2630 1635 2681 illud
1673 2631 1924 2688 indicium
1964 2633 2080 2697 vagi
2121 2632 2277 2682 animi
2317 2630 2473 2693 foret,
2510 2637 2567 2681 et

1502 2706 1869 2772 hallucinantis,
1901 2717 1959 2758 et
1995 2707 2171 2776 flnxae,
2190 2716 2346 2774 atque
2365 2714 2565 2772 aperta

1503 2783 1839 2842 securitati&
1868 2787 1969 2835 ὅτε.
2008 2785 2177 2835 lamb.

1571 2863 1701 2909 1079
1731 2862 1888 2925 Atque
1918 2861 2091 2912 oblivia
2121 2861 2320 2926 quer-it]
2357 2861 2565 2913 Quaerit

1506 2936 1763 3001 quomodo
1775 2951 1838 2988 ea
1853 2936 2194 2988 obliviscatur
2204 2951 2325 3002 quoe
2340 2936 2438 2986 sibi
2449 2951 2565 2986 mo·

1501 3015 1636 3063 lesta
1656 3022 1793 3065 suut.
1826 3014 1904 3064 sic
1934 3013 2061 3063 Hor.
2086 3014 2198 3064 Sat.
2223 3016 2270 3064 2.
2288 3018 2337 3064 0.
2359 3015 2493 3063 00.“
2512 3011 2562 3066 Ο

1504 3106 1610 3156 rus,
1629 3091 1833 3157 quando
1855 3105 1953 3155 ego
1976 3099 2027 3140 te
2051 3089 2370 3154 adspiciam?
2404 3103 2564 3153 qnan-

1505 3169 1675 3234 doque
1696 3169 1900 3229 licebit,
1931 3168 2087 3217 Nunc
2130 3172 2365 3216 veterum
2403 3165 2567 3228 libris,

1505 3259 1643 3296 nunc
1680 3259 1862 3294 somno
1899 3252 1954 3294 et
1981 3241 2231 3292 inertibus
2264 3240 2419 3303 horis,
2453 3240 2564 3289 Du·

1505 3336 1628 3372 cere
1649 3320 1885 3372 sollicitoe
1897 3319 2134 3385 jucunda
2165 3317 2357 3368 oblivia
2383 3316 2507 3367 vitae
2527 3317 2565 3366 i’

1502 3399 1670 3452 Lamb-

1570 3481 1694 3527 1081
1746 3476 1859 3526 Hoc
1898 3489 1949 3526 se
1991 3472 2182 3538 quisque
2221 3468 2381 3533 modo]
2430 3469 2564 3522 Hor.

1463 3535 1475 3548 ⁹
1501 3555 1616 3606 Sat.
1638 3558 1687 3604 2.
1709 3557 1758 3603 7.
1783 3557 1895 3602 111.
1930 3553 1946 3580 ‘
1971 3550 2107 3600 adde
2125 3547 2266 3615 quod
2285 3548 2423 3598 idem
2441 3548 2562 3598 Non

1500 3631 1678 3681 horam
1725 3635 1895 3680 tecum
1935 3642 2052 3678 esse
2091 3633 2280 3691 potest
2317 3638 2420 3686 non
2453 3625 2565 3676 otia

1504 3715 1650 3759 recte
1706 3707 1943 3757 Ponerei
2014 3710 2170 3768 teque
2213 3702 2380 3764 ipsum
2431 3700 2563 3751 vitas

1503 3783 1755 3849 fugitivus
1786 3788 1843 3832 et
1870 3795 2007 3842 erro,
2027 3779 2147 3830 Jam
2170 3780 2289 3827 vino
2308 3789 2566 3843 querens,

1494 3859 1609 3925 jam
1644 3873 1821 3909 somno
1857 3856 2040 3907 fallere
2074 3869 2275 3917 curam,
2308 3855 2564 3908 Frustrag

1501 3952 1623 3987 nam
1645 3951 1820 3987 comes
1841 3943 1956 3988 atra
1979 3931 2186 3998 premit,
2222 3933 2564 3998 sequiturque

1503 4012 1745 4078 fugacem
1765 4011 1799 4063 ι’
1838 4026 1987 4061 nemo
2013 4009 2172 4073 igitur
2192 4023 2250 4058 se
2271 4007 2448 4072 sugere
2471 4023 2561 4073 po·

1504 4097 1627 4154 test,
1647 4104 1714 4140 ne
1737 4089 1774 4140 ii
1795 4089 2026 4154 quidem,
2060 4087 2146 4152 qui
2176 4086 2362 4135 relicta
2393 4084 2564 4150 patria

1505 4168 1632 4217 alias
1656 4174 1823 4217 terres
1845 4172 2049 4231 petunt.
2118 4161 2259 4214 Quid
2277 4161 2438 4225 igitur
2458 4158 2562 4225 (iu-

1504 4243 1619 4309 quit
1657 4242 1796 4293 idem
1825 4242 1953 4292 Hor.
1977 4240 2082 4290 Od.
2106 4243 2155 4289 2.
2173 4242 2256 4288 16.
2279 4235 2388 4301 18.)
2419 4238 2435 4264 ‘
2457 4244 2562 4286 ter·

1505 4335 1587 4372 ras
1643 4320 1744 4372 alio
1800 4319 2031 4370 calentes
2085 4314 2231 4392 Sole·
2261 4319 2512 4363 mutamus
2539 4312 2560 4368 ἐ
