3009 4925
529 401 663 472 886

529 581 644 618 rum
680 571 865 618 natura
895 567 1153 618 bominum
1177 566 1376 632 pietate
1397 567 1592 618 colere-

531 653 633 710 tur,
654 661 770 696 cum
793 653 850 696 et
871 653 1069 695 aeterna
1091 650 1249 708 esset,
1272 651 1328 694 et
1358 644 1591 695 beatissi-

530 738 630 774 ιιι.
670 720 828 772 habet
850 722 985 772 enim
1002 721 1382 772 venerationem
1390 721 1589 786 justam

521 800 773 867 ,quicquid
790 798 1153 862 excellin'sae.
1171 799 1309 850 lbid.
1339 800 1355 828 ‘
1373 799 1471 849 His
1489 806 1591 849 ter·

529 879 731 927 roribus
755 877 820 926 ab
845 878 1072 941 Epicuro
1087 876 1262 939 soluti,
1286 881 1341 925 et
1361 875 1412 924 in
1431 874 1589 924 liber-

530 961 695 1005 tatem
732 953 998 1015 vindicati,
1041 967 1138 1003 nec
1175 952 1451 1002 metuimus
1483 965 1590 1015 eos,

530 1043 660 1094 quos
683 1029 1016 1095 intelligimus
1036 1043 1136 1078 nec
1158 1028 1258 1078 sibi
1280 1026 1479 1091 lingere
1513 1027 1591 1076 ul-

531 1106 632 1155 lam
664 1107 975 1168 molestiam,
1008 1119 1107 1156 nec
1142 1105 1295 1155 alteri
1316 1117 1587 1170 quaererez

530 1190 587 1234 et
630 1183 716 1248 pie
772 1189 1055 1247 sancteque
1095 1181 1309 1232 colimus
1353 1188 1590 1231 naturam

527 1260 874 1310 excellentem
908 1265 1062 1324 atque
1081 1256 1453 1323 prestantemss
1476 1259 1590 1322 Ego

530 1345 589 1388 ut
612 1339 673 1388 P.
692 1338 928 1389 victorio
941 1338 1213 1400 assentior,
1228 1337 1303 1388 ita
1318 1338 1414 1388 boc
1431 1338 1589 1387 etiam

528 1415 634 1466 dici
670 1430 816 1479 posse
851 1421 997 1479 puto,
1032 1413 1329 1465 Lucretium
1347 1413 1400 1462 in
1423 1427 1592 1477 prooe·

527 1492 634 1542 mio
654 1492 730 1542 sni
754 1491 1004 1556 poematis
1022 1506 1123 1541 non
1142 1497 1198 1541 ut
1214 1490 1590 1554 philosophum,

525 1570 619 1621 sed
641 1576 699 1620 ut
723 1584 918 1620 merum
942 1569 1169 1633 poetam,
1192 1583 1223 1617 a
1238 1568 1351 1618 Deo
1364 1581 1518 1632 opem
1536 1574 1592 1617 et

528 1661 710 1711 pacem
735 1653 940 1711 petere:
978 1657 1034 1696 et
1055 1645 1301 1696 tamenin
1324 1659 1407 1709 eo,
1451 1645 1588 1711 quod

528 1737 563 1772 a
582 1725 787 1774 Venere
809 1723 1131 1787 potissimum
1154 1722 1400 1772 auxilium
1418 1728 1587 1788 petat,

527 1813 629 1848 non
653 1801 807 1863 longe
831 1799 899 1848 ab
920 1800 1129 1863 Epicuri
1142 1800 1400 1850 sententia
1421 1799 1589 1850 disce-

527 1876 675 1937 dere,
707 1875 796 1939 qni
826 1889 1076 1924 summum
1113 1875 1302 1925 bonum
1332 1877 1385 1925 in
1410 1877 1588 1940 volup·

527 1957 659 2012 tate,
691 1956 846 2014 utque
892 1950 943 1998 in
989 1965 1089 2000 non
1126 1950 1353 2001 dolendo
1395 1954 1586 2010 consti-

524 2032 669 2087 tuat3
688 2033 746 2076 ut
758 2026 987 2077 omittam
1005 2027 1143 2092 quod
1160 2028 1309 2076 bomo
1330 2028 1588 2080 Romanus

528 2117 696 2169 neque
736 2102 981 2154 indecore
1017 2119 1183 2169 neque
1217 2106 1394 2169 inepte
1417 2107 1587 2159 Vene-

525 2194 635 2231 rem
657 2181 999 2231 Romanorum
1019 2187 1240 2231 matrem
1272 2182 1586 2247 imploravit.

525 2260 693 2309 [aab.
760 2261 881 2310 Non
904 2267 1008 2309 tam
1032 2259 1135 2310 sibi
1168 2275 1320 2325 quam
1355 2261 1587 2312 versibus

524 2336 631 2385 suis
664 2336 855 2386 sociam
891 2337 1147 2386 Venerem
1192 2342 1355 2402 optat.
1399 2351 1587 2402 nempe

525 2413 693 2479 inquit
714 2429 729 2476 ;
750 2420 812 2464 ut
836 2412 852 2440 ‘
869 2412 1094 2465 obscura
1116 2413 1182 2464 de
1204 2428 1262 2464 re
1285 2421 1389 2465 tani
1415 2414 1588 2465 lucida

523 2506 746 2556 pangam
764 2491 1025 2555 Carmina,
1064 2493 1265 2543 Museo
1285 2492 1588 2558 contingens

523 2577 711 2621 cuncta
735 2569 945 2634 lepore.’
982 2571 1149 2634 Preig.

583 2653 651 2700 26
685 2648 927 2712 Pangere]
958 2648 1308 2699 'l'ranslatum.
1331 2663 1451 2699 nam
1471 2662 1590 2712 pro·

521 2727 636 2791 prie
676 2726 921 2790 agricolae
964 2727 1167 2789 plantas
1200 2740 1446 2790 pangere,
1481 2725 1516 2774 i.
1540 2738 1588 2775 e.

519 2803 757 2867 infigere,
783 2804 1044 2853 dicuntur.
1078 2804 1157 2852 M.
1188 2803 1390 2852 Tullius
1413 2801 1479 2852 nd
1500 2804 1585 2852 Ti·

519 2894 632 2929 ron.
657 2882 674 2907 ‘
695 2880 777 2928 An
792 2880 977 2943 pangis
992 2878 1184 2943 aliquid
1196 2880 1540 2943 Sophocleum
1551 2879 1587 2928 ?’

518 2959 597 3005 sic
613 2956 748 3005 idern
769 2956 976 3005 Lucret.
992 2954 1083 3003 lib.
1097 2958 1148 3003 4.
1163 2955 1213 3002 in
1229 2956 1497 3018 prooemio.
1512 2970 1586 3007 vs.

521 3037 570 3083 8.
616 3033 632 3060 ‘
657 3032 862 3082 Deinde
905 3032 1042 3097 quod
1064 3030 1285 3083 obscura
1307 3033 1375 3082 de
1400 3047 1456 3082 re
1477 3039 1586 3083 tam

518 3109 695 3160 lucida
717 3123 889 3173 pango
912 3108 1187 3159 Carmine!
1220 3108 1388 3159 Lumo.

588 3186 768 3250 Com]
820 3186 1012 3237 Conari
1056 3187 1154 3237 hoc
1190 3187 1306 3237 loco
1350 3187 1583 3251 cogitare

518 3270 618 3327 est,
665 3264 766 3314 sibi
810 3263 1003 3329 aliquid
1046 3277 1358 3328 proponere,
1397 3263 1580 3313 decer-

518 3357 663 3406 nere,
696 3346 795 3392 dcc.
836 3343 1163 3406 προαιρεῖσθαι.
1204 3341 1279 3391 ita
1319 3340 1374 3389 in
1416 3341 1579 3390 hocce

515 3421 605 3470 lib.
651 3435 725 3468 vs.
771 3420 888 3470 986.
935 3419 1082 3470 ‘cum
1126 3418 1255 3468 dare
1289 3417 1580 3469 conantur?

517 3504 576 3548 ut
607 3504 662 3548 et
694 3500 746 3549 in
781 3502 832 3548 6.
869 3497 1121 3564 ‘namque
1149 3498 1264 3562 ipsa
1295 3497 1361 3547 de
1397 3497 1581 3562 rojam

514 3578 693 3628 dicere
707 3578 900 3628 conor?
917 3579 1001 3629 Sic
1015 3578 1187 3627 Varro
1202 3576 1253 3625 in
1270 3573 1583 3641 praefatione

513 3656 606 3706 lib.
634 3661 656 3705 1
668 3686 682 3705 .
704 3656 720 3685 ⁶
737 3670 841 3720 qno
857 3655 1061 3705 brevius
1075 3654 1142 3705 de
1156 3668 1221 3704 ea
1235 3668 1290 3703 re
1312 3668 1475 3704 conor
1490 3655 1581 3704 tri·

513 3732 612 3781 bus
634 3732 780 3781 libris
800 3733 1101 3796 exponere.'
1167 3733 1218 3782 N
1222 3745 1289 3781 on
1310 3732 1461 3782 aliter
1481 3734 1580 3781 Te-

513 3809 670 3858 rentii
693 3809 779 3857 ille
803 3810 948 3858 locus
970 3807 1330 3872 accipiendus:
1380 3807 1397 3834 ‘
1413 3808 1581 3857 Cona-

513 3887 610 3937 bsr
631 3882 724 3935 tibi
746 3884 968 3949 ob'viam,
987 3880 1174 3933 Dave!
1191 3885 1224 3934 i.
1242 3898 1290 3932 e.
1305 3882 1370 3931 de
1389 3888 1442 3931 te
1459 3894 1581 3931 con·

511 3962 773 4013 veniundo
795 3961 1105 4025 cogitabam.
1123 3973 1290 4024 neque
1310 3972 1465 4023 porro
1479 3958 1583 4008 alia

512 4040 714 4090 ratione
758 4037 1116 4102 accipiendum
1160 4042 1244 4085 est
1284 4033 1420 4099 quod
1456 4033 1581 4083 alibi

512 4119 676 4169 dixit.
737 4117 1056 4167 ‘isthuccine
1113 4115 1292 4165 conari
1346 4114 1580 4179 queam?

516 4195 598 4245 lbi
635 4203 781 4246 certe
816 4194 1013 4257 conari,
1050 4193 1181 4242 velle
1202 4199 1303 4254 est,
1329 4192 1411 4241 vel
1433 4191 1575 4255 cogi-

1224 421 1443 472 ⁸0¹1·AE
1490 420 1892 474 VARIORUM
1946 422 2026 472 m

1664 566 1806 619 Quid
1828 568 1967 633 quod
1989 567 2163 620 Graeci
2186 574 2403 620 utuntur
2438 567 2604 620 verbo
2636 585 2734 619 r«-

1662 646 1830 708 ρεῖσθαι
1850 647 1901 695 in
1922 645 2103 696 eadem
2126 647 2376 696 notione?
2420 660 2735 697 rarum-esse

1663 718 1860 784 fateor;
1895 736 2063 787 neque
2097 730 2270 773 tamen
2291 723 2507 773 dubium
2530 732 2633 775 ost.
2656 725 2733 774 sic

1664 799 1802 849 enim
1827 798 2111 850 Menander
2132 799 2265 849 dixit
2285 799 2336 848 in
2362 800 2477 849 utili
2504 801 2597 850 illa
2620 814 2734 850 sen·

1663 874 1847 939 tentia,
1885 885 1941 926 et
1979 876 2171 930 nemini
2216 891 2440 941 unquam
2478 877 2612 927 satis
2645 891 2733 928 au-

1663 954 1792 1005 dita.
1824 953 1891 1016 μὴ
1910 954 2028 1003 πᾶσι
2053 957 2194 1018 reip&
2212 952 2454 1004 πιστεύειν
2472 954 2564 1005 ἀεί.
2631 955 2736 1006 Ubi

1662 1030 1788 1080 illud
1830 1031 1897 1091 μὴ
1928 1034 2068 1096 resp&
2109 1030 2371 1095 significat
2417 1032 2434 1060 ‘
2454 1031 2623 1092 noli3'
2668 1031 2736 1082 ad

1663 1107 1878 1157 verbum
1916 1115 2090 1159 autem
2127 1107 2406 1174 significat,
2455 1111 2470 1137 ‘
2487 1123 2556 1159 ne
2579 1122 2735 1158 cone·

1665 1184 1769 1234 ris.'
1834 1185 2011 1235 Livius
2049 1184 2173 1234 item
2198 1184 2249 1233 in
2279 1189 2322 1234 1.
2358 1186 2437 1235 sic
2462 1185 2737 1248 usurparit

1661 1261 1795 1311 hane
1819 1275 1999 1312 vocem
2021 1267 2082 1311 ut
2103 1263 2339 1324 Plautus,
2358 1263 2740 1324 Terentius‚et

1664 1339 1972 1389 Lucretius:
2010 1339 2027 1367 ‘
2046 1337 2219 1389 Aucta
2237 1341 2452 1389 civitate
2475 1339 2737 1403 magnitu-

1663 1414 1783 1465 dine
1807 1414 1968 1476 urbis,
1990 1413 2222 1466 formatis
2244 1415 2481 1465 omnibus
2506 1416 2649 1466 domi
2667 1415 2739 1466 ed

1663 1490 1786 1542 belli
1808 1496 1864 1541 et
1882 1492 1949 1542 ad
1969 1492 2115 1555 pacis
2138 1505 2279 1554 usus,
2301 1506 2367 1540 ne
2380 1506 2592 1556 semper
2608 1506 2737 1558 opes

1664 1568 1818 1618 armis
1851 1570 2260 1635 acquirerentur,
2302 1569 2522 1620 consilio
2543 1584 2738 1634 sugere

1664 1646 1932 1710 imperium
1950 1654 2168 1697 conatus
2191 1646 2305 1697 est.'
2328 1647 2363 1695 i.
2389 1662 2437 1696 e.
2481 1648 2589 1696 sibi
2618 1662 2737 1711 pro·

1664 1724 1856 1788 posuit.
1892 1723 2066 1788 Atque
2090 1725 2222 1773 adeo
2259 1723 2428 1772 locum
2452 1721 2737 1787 quemdam

1664 1800 1933 1851 Ciceronis
1959 1811 2033 1850 ‘ex
2072 1801 2234 1865 Epist.
2266 1804 2319 1849 4.
2354 1800 2445 1849 lib.
2468 1806 2522 1848 5.
2559 1814 2735 1850 emen·

1663 1879 1890 1928 dandum
1923 1885 2068 1943 puto.
2145 1880 2224 1928 En
2249 1878 2346 1928 tibi
2372 1878 2513 1928 illius
2536 1878 2700 1929 verba
2716 1897 2732 1929 ς

1665 1954 1682 1982 ‘
1702 1954 1749 2004 N
1756 1968 1856 2005 unc
1898 1953 2023 2004 mibi
2064 1954 2290 2007 Quintus
2346 1953 2516 2004 frater
2568 1969 2736 2018 meus,

1662 2030 1983 2079 mitissimam
2006 2035 2145 2079 tuam
2168 2030 2474 2093 orationem,
2499 2044 2658 2095 qum
2681 2031 2733 2081 in

1661 2114 1848 2156 senatu
1862 2106 2151 2168 habuisses,
2173 2107 2486 2170 perscripsit
2505 2122 2522 2167 ς
2540 2121 2645 2171 qua
2659 2107 2735 2156 in-

1661 2183 1869 2246 ductus,
1894 2182 1959 2233 ad
1983 2192 2037 2234 te
2059 2183 2290 2234 scribere
2334 2199 2448 2233 snm
2486 2183 2737 2234 coactus!

1660 2261 1743 2312 Ibi
1775 2275 1943 2323 nemo,
1966 2261 2054 2326 qui
2076 2262 2261 2311 saltem
2291 2260 2597 2310 admonitus
2620 2258 2731 2310 fue·

1662 2338 1753 2402 rit,
1772 2338 2034 2389 dubitabit
2054 2338 2176 2404 quin
2200 2336 2478 2402 legendum
2500 2338 2574 2387 sit
2593 2352 2732 2388 cons·

1662 2420 1757 2480 tus,
1777 2429 1879 2466 non
1899 2420 2124 2475 conchis,-
2156 2428 2308 2481 quam
2331 2427 2513 2465 vocem
2534 2423 2594 2466 et
2616 2428 2731 2465 sen·

1662 2495 1844 2559 tentia,
1868 2500 1923 2543 et
1958 2492 2016 2559 rb
2042 2494 2278 2557 Medus,
2296 2491 2424 2542 satis
2454 2497 2733 2556 respuunt.

1724 2654 1787 2700 27
1823 2647 2149 2712 Mennim]
2181 2646 2427 2697 Memmio
2457 2645 2731 2698 Gemello=

1660 2728 1747 2794 qui
1765 2737 1963 2793 praetor
1981 2725 2084 2777 fuit
2104 2726 2155 2775 in
2178 2723 2441 2788 Bithynia,
2465 2730 2522 2773 et
2544 2730 2732 2787 postes

1660 2806 1915 2856 exsulavit
1937 2803 2173 2865 Athenis,
2206 2809 2266 2852 nt
2285 2802 2591 2865 perspicere
2606 2800 2733 2852 licet

1660 2898 1727 2932 ex
1752 2885 1826 2933 Μ.
1848 2881 2000 2932 Tullii
2022 2879 2087 2930 ad
2110 2894 2226 2930 eum
2246 2877 2482 2942 epistolis
2504 2878 2628 2928 libr.
2652 2882 2729 2928 1⁸.

1659 2960 1962 3009 Memmiadae
2001 2964 2175 3007 autem
2234 2968 2326 3019 pro
2372 2955 2627 3018 Memmio,
2671 2962 2729 3004 ut

1660 3035 1913 3098 Scipiadae,
1934 3032 2072 3098 apud
2092 3031 2284 3082 Horat.
2298 3030 2408 3081 Sat.
2427 3034 2485 3081 2.
2499 3035 2551 3082 1.
2573 3031 2590 3059 ‘
2610 3031 2726 3080 Vir·

1657 3120 1742 3164 tus
1763 3110 2049 3174 Scipiadae,
2070 3116 2125 3159 et
2148 3107 2289 3158 mitis
2326 3106 2590 3171 sapientia
2616 3108 2725 3159 Ln-

1658 3189 1730 3239 li.’
1762 3196 1819 3239 et
1856 3187 1995 3253 apud
2035 3187 2185 3251 Virg.
2208 3185 2329 3235 AEn.
2351 3190 2402 3235 6.
2420 3188 2541 3235 848.
2588 3184 2607 3213 ‘
2627 3184 2730 3235 duo

1657 3264 1873 3316 fulmina
1898 3263 2019 3315 belli
2041 3260 2336 3327 Scipiadae.’
2368 3267 2426 3311 et
2460 3260 2602 3310 idem
2628 3261 2725 3311 La-

1657 3350 1789 3394 cret.
1813 3346 1858 3392 1.
1892 3345 1973 3391 44.
2028 3342 2045 3367 ‘
2065 3338 2217 3391 Quod
2250 3344 2510 3402 superest,
2534 3351 2728 3389 vacuas

1657 3419 1823 3470 aureis
1865 3417 1988 3467 mihi
2030 3415 2365 3475 Memnniada,
2399 3419 2455 3463 et
2494 3414 2589 3477 te,’
2628 3418 2728 3465 &c-

1658 3497 1762 3548 Ubi
1804 3504 1977 3546 tamen
2015 3493 2170 3557 vulgo
2191 3491 2401 3555 legitur,
2424 3492 2546 3542 nih·
2568 3492 2727 3541 Men-

1657 3573 1781 3625 urias
1811 3578 1858 3623 et
1894 3578 1960 3621 te.
1994 3577 2054 3619 ut
2075 3570 2144 3619 sit
2167 3573 2341 3617 rectus
2383 3582 2484 3632 pro
2508 3567 2729 3619 vocandi

1657 3668 1798 3704 casu.
1850 3650 2017 3702 Lumo.
2098 3647 2255 3697 Caius
2299 3645 2577 3696 Memmius
2619 3646 2726 3697 Ge·

1656 3730 1840 3779 mellus
1878 3726 2185 3784 dice-batum
2228 3721 2315 3771 ille
2353 3722 2486 3786 ipse,
2522 3721 2591 3772 de
2623 3736 2726 3786 quo

1658 3805 1911 3866 Catullus,
1933 3802 2021 3868 qui
2045 3802 2095 3851 ei
2123 3798 2381 3851 subiratus
2403 3805 2540 3861 erat,
2563 3798 2723 3862 scrip·

1654 3884 1744 3948 sit,
1770 3878 2033 3932 OMenuni
2070 3876 2182 3927 bene
2214 3889 2304 3937 me,
2324 3877 2409 3938 &aa
2448 3889 2567 3938 quae
2605 3874 2723 3939 quia

1655 3957 1917 4024 turpicula
1933 3961 2072 4017 sunt,
2090 3953 2188 4001 huc
2202 3964 2302 4001 non
2322 3948 2719 4001 transferentur.

1660 4038 1746 4086 De
1768 4035 1857 4085 illo
1878 4046 2021 4096 soepe
2061 4027 2199 4094 apud
2236 4026 2565 4076 Ciceronem.
2600 4024 2718 4075 Feb.

1655 4111 1928 4164 Memmius
1942 4106 2230 4166 Gemellus,
2246 4116 2468 4168 quocum
2485 4100 2714 4152 Athena

1651 4190 1773 4241 olim
1797 4184 2067 4253 profectus
2085 4187 2200 4231 erat
2217 4178 2513 4240 Lucretius,
2537 4185 2595 4229 et
2617 4191 2714 4242 quo

512 4281 644 4323 tare.
712 4272 792 4323 lta
834 4272 1054 4323 Plautus
1088 4268 1298 4331 alicubi,
1350 4268 1366 4296 ‘
1389 4268 1574 4333 Neque
1646 4264 1976 4317 familiariter
2002 4258 2282 4311 utebatur:
2324 4254 2393 4305 de
2423 4254 2515 4304 illo
2547 4260 2713 4309 nutem

511 4349 688 4400 conari
724 4349 776 4399 id
838 4348 1012 4400 facere
1071 4345 1341 4398 audebatis
1399 4344 1577 4410 prius)
1647 4342 1869 4409 plurima
1905 4337 2084 4391 videat
2121 4335 2313 4385 Lector
2363 4331 2421 4381 in
2467 4330 2705 4381 disserta·
